=LDR  00940cam a22002054a 4500
=001  7477
=005  20250120115906.0
=008  010412s2000\\\\ne\a\\\\\b\\\\001\0\dut\\
=020  \\$a9065500928
=040  \\$aOI
=245  04$aHet Gelders Athene :$bbijdragen tot de geschiedenis van de Gelderse universiteit in Harderwijk (1648-1811) /$credactie, J.A.H. Bots ... [et al.].
=260  \\$aHilversum :$bVerloren,$c2000.
=300  \\$a251 p. :$bill. ;$c25 cm.
=490  0\$aWerken uitgegeven door Gelre, Vereeniging tot Beoefening van Geldersche Geschiedenis, Oudheidkunde en Recht ;$vno. 54
=504  \\$aIncludes bibliographical references and index.
=610  \0$aUniversiteit van Harderwijk (Netherlands)$1http://www.wikidata.org/entity/Q1816221$91316
=700  \\$aBots, Hans$d1940-$99827
=942  \\$cBOO
=952  \\$00$10$40$70$97475$aORPH$bORPH$cLOC_UNK$d2021-01-12$l0$p20123614$r2021-01-12 00:00:00$w2021-01-12$yTYPE_UNK$OKoopman
=999  \\$c7477$d7477

