=LDR  00383    a2200109   4500
=001  7502
=100  \\$aFux, Johann Joseph$d1660-1741$4cmp$1http://www.wikidata.org/entity/Q311378$910900
=245  \\$aMissa Gratiarum actionis
=260  \\$c1981
=942  \\$cSCO
=952  \\$00$10$40$70$8SCO$97500$aORPH$bORPH$cKTS1_P$d2021-01-12$l0$p20121611$r2021-01-12 00:00:00$w2021-01-12$ySCO$OW.1003 I:4
=999  \\$c7502$d7502

