=LDR  00378    a2200109   4500
=001  7503
=100  \\$aFux, Johann Joseph$d1660-1741$4cmp$1http://www.wikidata.org/entity/Q311378$910900
=245  \\$aRequiem
=260  \\$c1992
=942  \\$cSCO
=952  \\$00$10$40$70$8SCO$97501$aORPH$bORPH$cKTS1_P$d2021-01-12$l1$p20121610$r2025-10-08 11:03:48$s2025-09-10$w2021-01-12$ySCO$OW.1003 I:7
=999  \\$c7503$d7503

