=LDR  00384    a2200109   4500
=001  7504
=100  \\$aFux, Johann Joseph$d1660-1741$4cmp$1http://www.wikidata.org/entity/Q311378$910900
=245  \\$aMotetten und Antiphonen
=260  \\$c1961
=942  \\$cSCO
=952  \\$00$10$40$70$8SCO$97502$aORPH$bORPH$cKTS1_P$d2021-01-12$l0$p20121609$r2021-01-12 00:00:00$w2021-01-12$ySCO$OW.1003 III:1
=999  \\$c7504$d7504

