=LDR  00393    a2200109   4500
=001  7505
=100  \\$aFux, Johann Joseph$d1660-1741$4cmp$1http://www.wikidata.org/entity/Q311378$910900
=245  \\$aLa fede sacrilega nella morte del
=260  \\$c1959
=942  \\$cSCO
=952  \\$00$10$40$70$8SCO$97503$aORPH$bORPH$cKTS1_P$d2021-01-12$l0$p20121620$r2021-01-12 00:00:00$w2021-01-12$ySCO$OW.1003 IV:1
=999  \\$c7505$d7505

