=LDR  00796aam a2200181   4500
=001  7510
=008  220922s1985\\\\|||o||||\||||\00|\0\ita\d
=041  \\$aita
=100  \\$aGabetti, M.$4aut$911003
=245  \\$aArazzi:$bRinascimento e Barocco
=260  \\$aNovara$bIstituto Geografico de Agostini$c1985
=648  \0$aRenaissance (1400-1600)$1http://www.wikidata.org/entity/Q4692$920965
=648  \0$a17th Century (1601-1700)$1http://www.wikidata.org/entity/Q7016$920923
=650  \0$aApplied arts$1http://www.wikidata.org/entity/Q2865882$921627
=650  \0$aBaroque$1http://www.wikidata.org/entity/Q37853$921255
=942  \\$cBOO
=952  \\$00$10$2ddc$40$6VIS_GABE$70$8VIS$97508$aORPH$bORPH$cKTS1_H$d2021-01-12$eKoopman$i46D30$l0$oVIS GABE$p20127677$r2021-01-12 00:00:00$w2021-01-12$yBOO$OKoopman
=999  \\$d7510

