=LDR  01278cam a22003134a 4500
=001  7514
=005  20250120120041.0
=008  110114s2010\\\\gw\ag\\\\b\\\\000\0\ger\c
=010  \\$a  2010678081
=020  \\$a9783873973480 (corrected : pbk.)$z9783873973481 (pbk.)
=020  \\$a3873973480 (corrected : pbk.)
=035  \\$a(OCoLC)ocn692270224
=035  \\$a(OCoLC)692270224$z(OCoLC)718326307
=040  \\$aOHX$cOHX$dCGU$dCHRRO$dDLC
=042  \\$alccopycat
=072  \7$aML$2lcco
=072  \7$as1mu$2rero
=100  \\$aGadient, Lorenz$911006
=245  10$aTakt und Pendelschlag :$bQuellentexte zur musikalischen Tempomessung des 17. bis 19. Jahrhunderts neu betrachtet /$cLorenz Gadient.
=260  \\$aMünchen :$bKatzbichler,$c2010.
=300  \\$a203 p. :$bill., music ;$c24 cm.
=490  1\$aMusikwissenschaftliche Schriften ;$vBd. 45
=504  \\$aIncludes bibliographical references.
=650  \0$aTempo$1http://www.wikidata.org/entity/Q189214$92723
=650  \0$aRhythm$1http://www.wikidata.org/entity/Q170406$92724
=830  \0$9539$aMusikwissenschaftliche Schriften ;$vBd. 45.
=942  \\$cBOO
=952  \\$00$10$2ddc$40$6GHM_5_000000000000000$70$8GHM$97512$aORPH$bORPH$cKM12_1$d2021-01-12$l0$oGHM 5$p20129366$r2021-01-12 00:00:00$w2021-01-12$yBOO
=999  \\$c7514$d7514

