=LDR  00392    a2200109   4500
=001  7515
=100  \\$aGagliano, Marco da$d1582-1643$4cmp$1http://www.wikidata.org/entity/Q540638$911007
=245  \\$aLa Dafne
=260  \\$c1989
=942  \\$cSCO
=952  \\$00$10$2ddc$40$6BIO_GAGL_E$70$8BIO$97513$aORPH$bORPH$cKTS1_P$d2021-01-12$l0$oBIO GAGL e$p20134491$r2021-01-12 00:00:00$w2021-01-12$yBOO$OW.1253
=999  \\$c7515$d7515

