=LDR  01568cam a22002654a 4500
=001  7521
=008  030911s2003\\\\qucag\\\\bk\\\001\0dfre\c
=020  \\$a2894483503
=041  \\$afre
=100  \\$aGallat-Morin, Elisabeth$d1932-$1http://www.wikidata.org/entity/Q55724356$911010
=245  13$aLa vie musicale en Nouvelle-France
=250  \\$a2nd ed.
=260  \\$aQuébec$bSeptentrion$c2003
=300  \\$a570 pages
=490  \\$aCahiers des Amériques$v1.$aCollection Musique
=500  \\$aNew France (Nouvelle-France) was the territory colonized by France in North America, beginning with the exploration of the Gulf of Saint Lawrence by Jacques Cartier in 1534 and ending with the cession of New France to Great Britain and Spain in 1763 under the Treaty of Paris. 
=504  \\$aIncludes bibliographical references (p. 481-550), discography (p. 551), and index.
=590  \\$aÉlisabeth Gallat-Morin et Jean-Pierre Pinson ; avec la collaboration de Paul-André Dubois, Conrad Laforte, Erich Schwandt ; et François Filiatrault à la rédaction des encarts et à la recherche iconographique.
=648  \0$a17th Century (1601-1700)$1http://www.wikidata.org/entity/Q7016$920923
=650  \0$aMusic history$1http://www.wikidata.org/entity/Q846047$921373
=651  \0$aCanada$1http://www.wikidata.org/entity/Q16$921662
=700  \\$aPinson, Jean-Pierre$911011
=942  \\$cBOO
=952  \\$00$10$2ddc$40$6TOP_CA_5_000000000000000$70$8TOP$97519$aORPH$bORPH$cKTS0$d2021-01-12$eKoopman$i35C02$l0$oTOP CA 5$p20120754$r2021-01-12 00:00:00$w2021-01-12$yBOO$OKoopman
=999  \\$d7521

