=LDR  01061    a2200241   4500
=001  7525
=008  210929s1965\\\\-ukaf|||\||||\00|\0\eng\d
=020  \\$a0416707705
=041  \\$aeng
=100  \\$4aut$aGalpin, Francis W.$911015
=245  \\$aOld English Instruments of Music
=260  \\$aLondon$bMethuen$c1978
=300  \\$a254 pages
=648  \0$aMiddle Ages (500-1400)$1http://www.wikidata.org/entity/Q12554$920964
=648  \0$a15th Century (1401-1500)$1http://www.wikidata.org/entity/Q7018$921015
=648  \0$a16th Century (1501-1600)$1http://www.wikidata.org/entity/Q7017$920944
=648  \0$a17th Century (1601-1700)$1http://www.wikidata.org/entity/Q7016$920923
=648  \0$a18th Century (1701-1800)$1http://www.wikidata.org/entity/Q7015$920899
=650  \0$aOrganology$1http://www.wikidata.org/entity/Q899293$921400
=651  \0$aUnited Kingdom$1http://www.wikidata.org/entity/Q21$9273
=942  \\$cBOO
=952  \\$00$10$2ddc$40$6INS_1A_GB$70$8INS$97523$aORPH$bORPH$cKTS0$d2021-01-12$oINS1a GB$p20129949$r2021-01-12 00:00:00$w2021-01-12$yBOO
=999  \\$d7525

