=LDR  01009cam a2200241 i 4500
=001  7528
=005  20250926103549.0
=008  790125s1979\\\\nyuaf\\\\\\\\\000\0aeng\\
=020  \\$a0312439652
=040  \\$aOI
=041  \\$aeng
=100  \\$aGalway, James$d1939-$1http://www.wikidata.org/entity/Q160371$4aut$911018
=245  03$aAn Autobiography
=260  \\$aNew York, NY$bSt. Martin's Press$c1979
=300  \\$a181 pages, [4] leaves of plates$billustrations$c22 cm
=648  \0$a20th Century (1901-2000)$1http://www.wikidata.org/entity/Q6927$920936
=650  \0$aInstrumentalist$1http://www.wikidata.org/entity/Q1278335$921706
=650  \0$aFlute$1http://www.wikidata.org/entity/Q11405$921276
=650  \0$aBiography$1http://www.wikidata.org/entity/Q36279$91927
=651  \0$aIreland$1http://www.wikidata.org/entity/Q27$9219
=942  \\$cBOO
=952  \\$00$10$2ddc$40$6BIO_GALW_A$70$8BIO$97526$aORPH$bORPH$cKTS1_P$d2021-01-12$l0$oBIO GALW a$p20130044$r2021-01-12 00:00:00$w2021-01-12$yBOO$OThwaites
=999  \\$d7528

