=LDR  01153nam a2200241 a 4500
=001  7529
=005  20250120120006.0
=008  910702s1987\\\\it\ah\\\\b\\\\001\0\ita\\
=020  \\$a882223474X
=040  \\$aOI
=100  \\$aGambassi, Osvaldo$911019
=245  13$aLa Cappella musicale di S. Petronio :$bmaestri, organisti, cantori e strumentisti dal 1436 al 1920 /$cOsvaldo Gambassi.
=260  \\$aFlorence$bOlschki$c1987.
=300  \\$aviii, 512 p. :$bill., facsims. ;$c26 cm.
=490  1\$aProgramma di studi e ricerche sulla cultura e la vita civile del Settecento in Emilia-Romagna promosso dalla Regione.$v44
=504  \\$aIncludes bibliographical references and index.
=610  \0$aBasilica di San Petronio (Bologna, Italy)$1http://www.wikidata.org/entity/Q810103$91602
=650  \0$aChurch music$1http://www.wikidata.org/entity/Q8812109$92283
=830  \0$9543$aBiblioteca (Historiae Musicae Cultores (Florence, Italy)) ;$v44.
=942  \\$cBOO
=952  \\$00$10$40$70$97527$aORPH$bORPH$cLOC_UNK$d2021-01-12$l0$p20127808$r2021-01-12 00:00:00$w2021-01-12$yTYPE_UNK$OKoopman
=999  \\$c7529$d7529
=651  \0$aItaly$1http://www.wikidata.org/entity/Q38$922

