=LDR  01240cam a22002774a 4500
=001  7531
=005  20250120120006.0
=008  040209s2003\\\\it\\\\\\\b\\\\001\0\ita\\
=020  \\$a8822252853
=040  \\$aOI
=100  \\$aGambassi, Osvaldo$911019
=245  10$aVita musicale nella Cattedrale di Forlì tra XV e XIX secolo :$bcon un'appendice bibliografica sugli oratorii a Forlì nel Settecento /$cOsvaldo Gambassi, Luca Bandini.
=260  \\$aFlorence$bOlschki$c2003.
=300  \\$ax, 191 p. ;$c24 cm.
=490  1\$aHistoriae Musicae Cultores,$x0073-2516 ;$v101
=504  \\$aIncludes bibliographical references (p. 169-180) and index.
=650  \0$aChurch music$1http://www.wikidata.org/entity/Q8812109$92283
=650  \0$aChurch music$1http://www.wikidata.org/entity/Q8812109$92283
=650  \0$aCatholicism$1http://www.wikidata.org/entity/Q1841$921631
=610  \0$aCattedrale di S. Croce (Forlì, Italy)$91318
=700  \\$aBandini, Luca$911021
=830  \0$9545$aHistoriae Musicae Cultores (Series) ;$v101.
=942  \\$cBOO
=952  \\$00$10$40$70$97529$aORPH$bORPH$cLOC_UNK$d2021-01-12$l0$p20120897$r2021-01-12 00:00:00$w2021-01-12$yTYPE_UNK$OKoopman
=999  \\$c7531$d7531
=651  \0$aItaly$1http://www.wikidata.org/entity/Q38$922

