=LDR  01314aam a2200253   4500
=001  7545
=008  250603s1967\\\\||||||||\c|||\00|\0\fre\d
=041  \\$afre
=245  \\$aCatalogue du fonds musical de la Bibliothèque Sainte-Geneviève de Paris $b(Manuscrits et imprimés)
=260  \\$c1967$aKassel$bInternational Association of Music Libraries
=300  \\$a156 pages
=490  \\$aCatalogus Musicus$v4
=610  \0$aBibliothèque Sainte-Geneviève (Paris)$1http://www.wikidata.org/entity/Q517249$940300
=650  \0$aLibrary$1http://www.wikidata.org/entity/Q7075$94229
=650  \0$aMusic history$1http://www.wikidata.org/entity/Q846047$921373
=650  \0$aManuscript$1http://www.wikidata.org/entity/Q87167$92275
=650  \0$aMusic printing$1http://www.wikidata.org/entity/Q64416036$94007
=651  \0$aParis (France)$1http://www.wikidata.org/entity/Q90$9160
=700  \\$aGarros, Madeleine$4edt$911031
=700  \\$aWallon, Simone$d1918-2001$1http://www.wikidata.org/entity/Q59527188$4edt$940287
=710  \\$aInternational Association of Music Libraries$1http://www.wikidata.org/entity/Q1667506$91568
=942  \\$cBOO
=952  \\$00$10$2ddc$40$6BIB_4_000000000000000_FR_PAR$70$8BIB$97543$aORPH$bORPH$cKTS0$d2021-01-12$eKoopman$i21F08$l0$oBIB4 FR.PAR$p20125500$r2021-01-12 00:00:00$yBOO$OKoopman
=999  \\$d7545

