=LDR  00366    a2200109   4500
=001  7548
=100  \\$aGasparini, Francesco$d1661-1727$4cmp$1http://www.wikidata.org/entity/Q446955$95534
=245  \\$aIl Bajazet
=260  \\$c1981
=942  \\$cSCO
=952  \\$00$10$40$70$8SCO$97546$aORPH$bORPH$cKTS1_P$d2021-01-12$l0$p20124319$r2021-01-12 00:00:00$w2021-01-12$ySCO$OW.1702
=999  \\$c7548$d7548

