=LDR  02005ccm a2200397 a 4500
=001  7549
=005  20250120120333.0
=008  050901s2004\\\\wiumsa|\\bhi\\\n\\|\lat\d
=010  \\$a  2005561561
=020  \\$a0895795574
=024  3\$a9780895795571
=035  \\$a(CStRLIN)NYPGR57136196-C
=035  \\$a(OCoLC)57136196
=035  \\$a(WaOLN)M190000319
=040  \\$aWAL$cWAL$dNN$dOCoLC$dDLC
=041  0\$alat$geng
=042  \\$alccopycat
=245  00$aMasses by Alessandro Scarlatti and Francesco Gasparini :$bmusic from the Basilica of Santa Maria Maggiore, Rome /$cedited by Luca Della Libera.
=260  \\$aMiddleton, Wis. :$bA-R Editions,$cc2004.
=300  \\$a1 score (242 p.) :$bfacsims. ;$c31 cm.
=490  1\$aRecent researches in the music of the Baroque Era,$x0484-0828 ;$v137
=504  \\$aIncludes bibliographical references.
=505  0\$aMessa per il Santissimo Natale (I-Rsm 73/14) ; Messa breve, e concertata : a cinque voci (I-Rsm 73/12) / Alessandro Scarlatti -- Messa a quattro voci concertata (I-Rsm 117/42) ; Messa a quattro voci concertata (I-Rsm 117/43) / Francesco Gasparini.
=546  \\$aLatin words.
=650  \0$aMass$1http://www.wikidata.org/entity/Q217295$92735
=700  \2$aScarlatti, Alessandro$d1660-1725$1http://www.wikidata.org/entity/Q183087$913800
=700  \2$aScarlatti, Alessandro$d1660-1725$1http://www.wikidata.org/entity/Q183087$913800
=700  \2$aGasparini, Francesco$d1661-1727$1http://www.wikidata.org/entity/Q446955$95534
=700  \2$aGasparini, Francesco$d1661-1727$1http://www.wikidata.org/entity/Q446955$95534
=700  \\$aDella Libera, Luca$911038
=700  12$tMessa concertata,$rB♭ major.
=700  12$tMessa concertata,$rG major.
=710  \\$aBasilica di Santa Maria Maggiore (Rome, Italy)$1http://www.wikidata.org/entity/Q186282$91319
=942  \\$cSCO
=952  \\$00$10$2ddc$40$6SCO_SCAR1$70$8SCO$97547$aORPH$bORPH$cKTS1_P$d2021-01-12$l0$oSCO SCAR1$p20121903$r2021-01-12 00:00:00$w2021-01-12$ySCO$OW.2535
=999  \\$c7549$d7549

