=LDR  00507    a2200145   4500
=001  7552
=020  \\$a9789057307034
=041  \\$adut
=100  \\$aGasteren, D. van$4aut$911041
=245  \\$aOver jeugdorkesten en de didactiek van het dirigeren.
=260  \\$c2010$aZutphen$bWalburg
=300  \\$a207 pages
=942  \\$cBOO$2ddc
=952  \\$00$10$2ddc$40$6MTP_2_000000000000000_GAST$70$8MTP$97550$aORPH$bORPH$cKM12_1$d2021-01-12$eKoopman$i42E14$l0$oMTP 2 GAST$p20122035$r2021-01-12 00:00:00$w2021-01-12$yBOO
=999  \\$c7552$d7552

