=LDR  00677    a2200157   4500
=001  7565
=008  210824t2004\\\\\\\|||||\||||\00|\0\dut\d
=020  \\$a9062834191
=100  \\$aGeel, Rudolf$4aut$911054
=245  \\$aSpeech! Speech!$bSchrijf een succesvolle toespraak
=260  \\$c2004$aBussum$bCoutinho
=300  \\$a181 pages
=942  \\$cBOO
=952  \\$00$10$2ddc$40$6REF_2_000000000000000_GEEL$70$8REF$97562$aORPH$bORPH$cKM12_1$d2021-01-12$oREF2 GEEL$p20120249$r2021-01-12 00:00:00$w2021-01-12$yBOO
=952  \\$00$10$2ddc$40$6REF_2_000000000000000_GEEL$70$8REF$97563$aORPH$bORPH$cKM12_1$d2021-01-12$eKoopman$i40E22$oREF2 GEEL$p20120250$r2021-01-12 00:00:00$w2021-01-12$yBOO
=999  \\$d7565

