=LDR  00326    a2200109   4500
=001  7567
=100  \\$aGeer, L. de$911055
=245  \\$aOntstaan, invoering en ontvangst
=260  \\$c1902
=942  \\$cBOO
=952  \\$00$10$40$70$97565$aORPH$bORPH$cLOC_UNK$d2021-01-12$l0$p20127583$r2021-01-12 00:00:00$w2021-01-12$yTYPE_UNK$OKoopman
=999  \\$c7567$d7567

