=LDR  01082nam a2200253 a 4500
=001  7580
=005  20250120120244.0
=008  911028s1990\\\\ne\a\\\\\b\\\\001\0\dut\\
=020  \\$a9070591294
=040  \\$aOI
=041  0\$adut
=100  \\$aGemert, Lia van$d-1958$4aut$911067
=245  10$aTussen de bedrijven door?$bDe functie van de rei in Nederlandstalig toneel 1556-1625
=260  \\$aDeventer$bSub Rosa$c1990
=300  \\$a356 p. :$bill. ;$c24 cm.
=490  \\$aDeventer studiën$v11
=504  \\$aIncludes bibliographical references (p. 329-350) and index.
=648  \0$a16th Century (1501-1600)$1http://www.wikidata.org/entity/Q7017$920944
=648  \0$a17th Century (1601-1700)$1http://www.wikidata.org/entity/Q7016$920923
=651  \0$aNetherlands$1http://www.wikidata.org/entity/Q55$9173
=942  \\$cBOO
=952  \\$00$10$2ddc$40$6TOP_NL_4_000000000000000$70$8TOP$97578$aORPH$bORPH$cKTS0$d2021-01-12$eKoopman$i19F36$l0$oTOP NL 4$p20125236$r2021-01-12 00:00:00$w2021-01-12$yBOO
=999  \\$c7580$d7580
=650  \0$aTheater history$1http://www.wikidata.org/entity/Q1061140$94607

