=LDR  00986cam a2200241 a 4500
=001  7592
=005  20250925143257.0
=008  000207s2000\\\\ne\a\\\\\b\\\\001\0ddut\\
=020  \\$a9057300931
=040  \\$aOI
=100  \\$aGerits, Anton$4aut$911087
=245  10$aOp dubbelspoor en Pilatusbaan:$bboeken als middel van bestaan
=260  \\$aZutphen :$bWalburg Pers,$cc2000.
=300  \\$a384 p. :$bill. ;$c25 cm.
=504  \\$aIncludes bibliographical references and index.
=648  \0$a20th Century (1901-2000)$1http://www.wikidata.org/entity/Q6927$920936
=650  \0$aBook$1http://www.wikidata.org/entity/Q571$92285
=650  \0$aTranslation$1http://www.wikidata.org/entity/Q7553$92492
=650  \0$aAntiquarianism$1http://www.wikidata.org/entity/Q56418598$93233
=651  \0$aNetherlands$1http://www.wikidata.org/entity/Q55$9173
=942  \\$cBOO
=952  \\$00$10$40$70$97590$aORPH$bORPH$cLOC_UNK$d2021-01-12$l0$p20129205$r2021-01-12 00:00:00$w2021-01-12$yTYPE_UNK$OKoopman
=999  \\$d7592

