=LDR  01211cam a22003137a 4500
=001  7595
=005  20250120120140.0
=008  071005s2005\\\\ne\a\\\\\b\\\\001\0\dut\d
=010  \\$a  2007481196
=020  \\$a9789040091179
=020  \\$a904009117X
=035  \\$a(OCoLC)ocm86175812
=040  \\$aEMU$cEMU$dOHX$dDLC
=041  0\$adut$beng
=042  \\$alccopycat
=043  \\$ae-ne---
=100  \\$aGerritsen, Elske$911091
=245  10$aZeventiende-eeuwse architectuurtekeningen :$bde tekening in de ontwerp- en bouwpraktijk in de Nederlandse Republiek /$cElske Gerritsen.
=246  3\$a17de-eeuwse architectuurtekeningen
=260  \\$aZwolle :$bWaanders,$c2005.
=300  \\$a287 p. :$bill. (some col.) ;$c28 cm.
=546  \\$aEnglish summary.
=504  \\$aIncludes bibliographical references (p. 240-250) and index.
=650  \0$aArchitecture$1http://www.wikidata.org/entity/Q12271$93185
=942  \\$cBOO
=952  \\$00$10$40$70$97593$aORPH$bORPH$cLOC_UNK$d2021-01-12$l0$p20121483$r2021-01-12 00:00:00$w2021-01-12$yTYPE_UNK$OKoopman
=999  \\$c7595$d7595
=651  \0$aNetherlands$1http://www.wikidata.org/entity/Q55$9173
=648  \0$a17th Century (1601-1700)$1http://www.wikidata.org/entity/Q7016$920923

