=LDR  00347    a2200109   4500
=001  7600
=100  \\$aGervaise, Claude$d1510-1558$4cmp$911093
=245  \\$aTroisième Livre de Danceries 1557
=260  \\$c1972
=942  \\$cSCO
=952  \\$00$10$40$70$8SCO$97598$aORPH$bORPH$cKTS1_P$d2021-01-12$l0$p20121682$r2021-01-12 00:00:00$w2021-01-12$ySCO$OW.0246
=999  \\$c7600$d7600

