=LDR  01960aam a2200229   4500
=001  7604
=008  230509s1995\\\\||||||||\||||\00|\0\dut\d
=020  \\$a9789040089367
=041  \\$adut
=100  \\$aGevers, A. J.$911097$4aut
=245  \\$aDe Havezaten in Twente en hun bewoners
=260  \\$c1995$aZwolle$bWaanders
=300  \\$a545 pages
=500  \\$aA havezate (or havezathe or havesate) is a fortified house (castle), homestead, court or farmstead. Originally, it was a name for a large farm with land. In the 17th century, the havesate was a knight's estate. Owning it was a condition for membership of a knighthood.
=520  \\$aThe beautiful landscape of Twente is enriched by a large number of manor houses, noblemen's residences from which the owners could derive certain state rights. Although they bear witness to a glorious past, the history of all these houses and their inhabitants is often very eventful. Extensive building schemes, impressive interiors and magnificent landscaping are just as often offset by war, decay and poverty. This publication contains introductory chapters on, among other things, the administration of the province of Overijssel and the development of the manor houses and their gardens. In addition, much attention is paid to the knightly families and their noble stand and to the maps and drawings important for knowledge of the manor houses.

This exceptionally richly illustrated book deals extensively with the history of the 42 individual manor houses in Twente, from the earliest times to the present.
=650  \0$1http://www.wikidata.org/entity/Q309$aHistory$921403
=650  \0$1http://www.wikidata.org/entity/Q12271$aArchitecture$93185
=651  \0$926164$aTwente (Netherlands)
=700  1\$4aut$926166$aMensema, A. J.
=942  \\$cBOO
=952  \\$00$10$2ddc$40$6TOP_NL_OVE$70$8TOP$97602$aORPH$bORPH$cKTS0$d2021-01-12$eKoopman$l0$oTOP NL.OVE$p20128576$r2021-01-12 00:00:00$w2021-01-12$yBOO$OKoopman
=999  \\$d7604

