=LDR  00294    a2200097   4500
=001  7618
=100  \\$aGiamboni, L.$911106
=245  \\$aUrbino arte e storia
=942  \\$cBOO
=952  \\$00$10$40$70$97616$aORPH$bORPH$cLOC_UNK$d2021-01-12$l0$p20125058$r2021-01-12 00:00:00$w2021-01-12$yTYPE_UNK$OKoopman
=999  \\$c7618$d7618

