=LDR  00315    a2200109   4500
=001  7621
=100  \\$aGiay, F. S.$4cmp$911110
=245  \\$aComposizioni sacre
=260  \\$c1979
=942  \\$cSCO
=952  \\$00$10$40$70$8SCO$97619$aORPH$bORPH$cKTS1_P$d2021-01-12$l0$p20121639$r2021-01-12 00:00:00$w2021-01-12$ySCO$OW.0934
=999  \\$c7621$d7621

