=LDR  00689    a2200145   4500
=001  7625
=008  210826t1966\\\\\\\|||||\||||\00|\0\mul\d
=041  \\$ager$afre$aeng
=100  \\$aGiegling, Franz$c1921-2007$4edt$911113
=245  \\$aInternationale Gesellschaft für Musikwissenschaft. Bericht über den neunten Internationales Kongress Salzburg 1964.$bII - Protokolle von den Symposia und Round Tables, Vorträge und Konzertprogramm
=260  \\$c1966$aKassel$bBärenreiter
=300  \\$a286 pages
=942  \\$cBOO
=952  \\$00$10$2ddc$40$6REF_3_000000000000000_GIEG$70$8REF$97623$aORPH$bORPH$cKM12_1$d2021-01-12$eKoopman$h00$i19D20$oREF3 GIEG$p20125100$r2021-01-12 00:00:00$w2021-01-12$yBOO
=999  \\$d7625

