=LDR  00604    a2200133   4500
=001  7626
=008  210826t1964\\\\\\\|||||\||||\00|\0\ger\d
=100  \\$aGiegling, Franz$c1921-2007$4edt$911113
=245  \\$aInternationale Gesellschaft für Musikwissenschaft. Bericht über den neunten Internationales Kongress Salzburg 1964. $bI - Aufsätze zu den Symposia
=260  \\$c1964$aKassel$bBärenreiter
=300  \\$a67 pages
=942  \\$cBOO
=952  \\$00$10$2ddc$40$6REF_3_000000000000000_GIEG$70$8REF$97624$aORPH$bORPH$cKM12_1$d2021-01-12$eKoopman$i19B21$oREF3 GIEG$p20125099$r2021-01-12 00:00:00$w2021-01-12$yBOO
=999  \\$d7626

