=LDR  01068cam a2200229 a 4500
=001  7628
=005  20250120120236.0
=008  890527s1988\\\\ne\af\\\\b\\\\001\0\dut\\
=020  \\$a9060043979
=040  \\$aOI
=100  \\$aGieles, J. L. M.$911114
=245  10$aBibliografie van het Nederlandstalig narratief fictioneel proza 1670-1700 =$bBibliography of prose fiction written in or translated into Dutch 1670-1700 /$csamengesteld door J.L.M. Gieles en A.P.J. Plak ; ingeleid door L.R. Pol.
=260  \\$aNieuwkoop :$bDe Graff,$c1988.
=300  \\$a229 p., [25] p. of plates :$bill. ;$c25 cm.
=650  \0$aLiterature$1http://www.wikidata.org/entity/Q8242$94439
=700  \\$aPlak, A. P. J.$911115
=740  0\$aBibliography of prose fiction written in or translated into Dutch 1670-1700.
=942  \\$cBOO
=952  \\$00$10$40$70$97626$aORPH$bORPH$cLOC_UNK$d2021-01-12$l0$p20122681$r2021-01-12 00:00:00$w2021-01-12$yTYPE_UNK$OKoopman
=999  \\$c7628$d7628
=490  \\$aBibliotheca bibliographica Neerlandica ;
=651  \0$aNetherlands$1http://www.wikidata.org/entity/Q55$9173

