=LDR  00394    a2200121   4500
=001  7633
=020  \\$a290540065X
=100  \\$aGilles, Jean$d1668-1705$4cmp$1http://www.wikidata.org/entity/Q715368$913361
=245  \\$aDiligam te, Domine
=260  \\$c1990
=942  \\$cSCO
=952  \\$00$10$40$70$8SCO$97631$aORPH$bORPH$cKTS1_P$d2021-01-12$l0$p20121739$r2021-01-12 00:00:00$w2021-01-12$ySCO$OW.0059
=999  \\$c7633$d7633

