=LDR  00937aam a2200193   4500
=001  7638
=008  220922s1958\\\\|||a||||\||||\00|\0\eng\d
=041  \\$aeng
=100  \\$aGilmore Holt, E.$4aut$911128
=245  \\$aA Documentary History of Art$nII$pMichelangelo and the Mannerists - The Baroque and the Eighteenth Century
=260  \\$aNew York$bDoubleday$c1958
=648  \0$aRenaissance (1400-1600)$1http://www.wikidata.org/entity/Q4692$920965
=648  \0$a17th Century (1601-1700)$1http://www.wikidata.org/entity/Q7016$920923
=648  \0$a18th Century (1701-1800)$1http://www.wikidata.org/entity/Q7015$920899
=650  \0$aFine art$1http://www.wikidata.org/entity/Q219625$921579
=650  \0$aBaroque$1http://www.wikidata.org/entity/Q37853$921255
=942  \\$cBOO
=952  \\$00$10$2ddc$40$6VIS_HOLT$70$8VIS$97636$aORPH$bORPH$cKTS1_H$d2021-01-12$eKoopman$i23E10$l0$oVIS HOLT$p20128945$r2021-01-12 00:00:00$w2021-01-12$yBOO$OKoopman
=999  \\$d7638

