=LDR  01087cam a22002654a 4500
=001  7647
=005  20250121142122.0
=008  060818s2007\\\\nyuag\\\\\\\\\001\0\eng\\
=020  \\$a9780195313710
=040  \\$aOI
=041  \\$aeng
=100  \\$aGjerdingen, Robert O.$4aut$911137
=245  10$aMusic in the Galant Style
=260  \\$aNew York$bOxford University Press$c2007
=300  \\$aix-514 pages$billustrations, music$c29 cm
=504  \\$aIncludes index.
=648  \0$a18th Century (1701-1800)$1http://www.wikidata.org/entity/Q7015$920899
=650  \0$aMusical style$1http://www.wikidata.org/entity/Q11921029$92421
=650  \0$aMusical analysis$1http://www.wikidata.org/entity/Q1544924$92775
=650  \0$aPartimento$1http://www.wikidata.org/entity/Q2054960$921242
=650  \0$aMusical analysis$1http://www.wikidata.org/entity/Q1544924$92775
=651  \0$aEurope$1http://www.wikidata.org/entity/Q46$991
=942  \\$cBOO
=952  \\$00$10$2ddc$40$6GHM_5_000000000000000$70$8GHM$97645$aORPH$bORPH$cKM12_1$d2021-01-12$oGHM5$p20129189$r2021-01-12 00:00:00$w2021-01-12$yBOO
=999  \\$d7647

