=LDR  00620    a2200181   4500
=001  7649
=003  OSt
=005  20230123092000.0
=008  210209b\\\\\\\\\\\|||||\||||\00|\0\eng\d
=040  \\$cST
=041  \\$adan
=100  \\$aGlahn, Henrik $4aut$911138
=245  \\$aMelodistudier til den Lutherske Salmesangs Historie fra 1524 til ca. 1600.$bBind II
=260  \\$c1954$aCopenhagen$bRosenkilde og Bagger
=300  \\$a74 pages
=942  \\$cBOO$2ddc
=952  \\$00$10$2ddc$40$6GEN_3_000000000000000$70$8GEN$97647$aORPH$bORPH$cKM12_1$d2021-01-12$eKoopman$l0$oGEN 3$p20122153$r2021-01-12 00:00:00$w2021-01-12$yBOO
=999  \\$c7649$d7649

