=LDR  00328    a2200109   4500
=001  7660
=100  \\$aGleich, Clemens von$911147
=245  \\$aHandlist of Keyboard music
=260  \\$c1987
=942  \\$cBOO
=952  \\$00$10$40$70$97658$aORPH$bORPH$cLOC_UNK$d2021-01-12$l0$p20125526$r2021-01-12 00:00:00$w2021-01-12$yTYPE_UNK$OKoopman
=999  \\$c7660$d7660

