=LDR  00413    a2200121   4500
=001  7668
=020  \\$a9789638303998
=100  \\$aGluck, Christoph Willibald$d1714-1787$4cmp$1http://www.wikidata.org/entity/Q130759$96111
=245  \\$aIphigénie en Tauride
=260  \\$c1995
=942  \\$cSCO
=952  \\$00$10$40$70$8SCO$97666$aORPH$bORPH$cKTS1_P$d2021-01-12$l0$p20121728$r2021-01-12 00:00:00$w2021-01-12$ySCO$OW.0001
=999  \\$c7668$d7668

