=LDR  00376    a2200109   4500
=001  7669
=100  \\$aGluck, Christoph Willibald$d1714-1787$4cmp$1http://www.wikidata.org/entity/Q130759$96111
=245  \\$aSinfonia F-dur
=260  \\$cs.d.
=942  \\$cSCO
=952  \\$00$10$40$70$8SCO$97667$aORPH$bORPH$cKTS1_P$d2021-01-12$l0$p20121681$r2021-01-12 00:00:00$w2021-01-12$ySCO$OW.0272
=999  \\$c7669$d7669

