=LDR  01200pcm a2200277 a 4500
=001  7670
=005  20250121142122.0
=008  920519r19921914nyuopa\\\z\\\\\n\\\\ger\\
=041  0\$alat$hita$geng$gita$hita
=100  \\$aGluck, Christoph Willibald$d1714-1787$4cmp$1http://www.wikidata.org/entity/Q130759$96111
=240  10$aOrfeo ed Euridice
=245  10$aOrfeo ed Euridice
=254  \\$aIn full score
=260  \\$aNew York$bDover$c1992
=300  \\$a1 score (156 p.) ;$c32 cm.
=534  \\$aPremiered at the Hoftheater, Vienna, 1762
=600  \0$aOrpheus$1http://www.wikidata.org/entity/$911156
=600  \0$aEurydice$1http://www.wikidata.org/entity/Q208588$911157
=648  \0$a18th Century (1701-1800)$1http://www.wikidata.org/entity/Q7015$920899
=650  \0$aOpera$1http://www.wikidata.org/entity/Q1344$92468
=651  \0$aVienna (Austria)$1http://www.wikidata.org/entity/Q1741$920937
=700  \\$4lbt$aCalzabigi, Ranieri de'$d1714-1795$1http://www.wikidata.org/entity/Q1310912$911158
=700  \\$aAbert, Hermann$d1871-1927$4edt$911159
=942  \\$cSCO
=952  \\$00$10$40$70$8SCO$97668$aORPH$bORPH$cKTS1_P$d2021-01-12$l0$p20121644$r2021-01-12 00:00:00$w2021-01-12$ySCO$OW.0815
=999  \\$d7670

