=LDR  00372    a2200109   4500
=001  7671
=100  \\$aGluck, Christoph Willibald$d1714-1787$4cmp$1http://www.wikidata.org/entity/Q130759$96111
=245  \\$aArmide
=260  \\$c1987
=942  \\$cSCO
=952  \\$00$10$40$70$8SCO$97669$aORPH$bORPH$cKTS1_P$d2021-01-12$l0$p20121880$r2021-01-12 00:00:00$w2021-01-12$ySCO$OW.2693 I.8
=999  \\$c7671$d7671

