=LDR  01471ccm a2200301 a 4500
=001  7672
=005  20211001155956.0
=008  020315s1999\\\\gw\opa\\\bdhi\\n\\\\ita\\
=024  2\$aM006495498
=028  32$aBA 5778$bBärenreiter
=040  \\$aOI
=041  0\$aita$eita$gger
=100  1\$aGluck, Christoph Willibald,$cRitter von,$d1714-1787.
=245  12$aL'innocenza giustificata :$bWien 1755 : festa teatrale von Giacomo Durazzo unter Verwendung von (Arien-)Texten von Pietro Metastasio /$cChristoph Willibald Gluck ; herausgegeben von Josef-Horst Lederer.
=260  \\$aKassel ;$aNew York :$bBärenreiter,$c1999.
=300  \\$a1 score (liii, 229 p.) :$bill. ;$c33 cm.
=490  1\$aSämtliche Werke / Christoph Willibald Gluck. Abteilung III, Italienische Opere serie und Opernserenaden ;$vBd. 19
=500  \\$aIncludes facsims. of libretto (Vienna : G.L.N. de Ghelen, 1755) and libretto of La vestale (Vienna : Ghelen, 1768).
=500  \\$aPref. and critical report in German.
=504  \\$aIncludes bibliographical references.
=650  \0$aOperas$vScores.
=700  1\$aDurazzo, Giacomo,$d1717-1794.$4lbt
=700  1\$aMetastasio, Pietro,$d1698-1782.$4lbt
=700  1\$aLederer, Josef-Horst.
=800  1\$aGluck, Christoph Willibald,$cRitter von,$d1714-1787.$tWorks.$f1951 ;$vAbt. 3, Bd. 19.
=952  \\$00$10$40$70$8SCO$97670$aORPH$bORPH$cKTS1_P$d2021-01-12$l0$p20121879$r2021-01-12 00:00:00$w2021-01-12$ySCO$OW.2693 III.19
=999  \\$c7672$d7672
=942  \\$cSCO

