=LDR  01057cam a22002654a 4500
=001  7677
=005  20250120115942.0
=008  060825s2005\\\\gw\a\\\\\bc\\s000\0\ger\\
=020  \\$a3777428558
=040  \\$aOI
=041  \\$ager
=245  10$aKrippen im Bayerischen Nationalmuseum
=260  \\$aMunich$bHirmer$c2005
=300  \\$a382-[1] pages$billustrations$c25 cm
=490  0\$aKataloge des Bayerischen Nationalmuseums, Neue Folge$v1
=504  \\$aIncludes bibliographical references (p. 381-[383]).
=610  \0$aBayerisches Nationalmuseum (Munich, Germany)$91326
=650  \0$aApplied arts$1http://www.wikidata.org/entity/Q2865882$921627
=650  \0$aChristmas$1http://www.wikidata.org/entity/Q19809$92122
=651  \0$aGermany$1http://www.wikidata.org/entity/Q183$9155
=700  \\$aGockerell, Nina$911164$4aut
=700  \\$aHaberland, Walter$925930$4pht
=942  \\$cBOO
=952  \\$00$10$2ddc$40$6VIS_GOCK$70$8VIS$97675$aORPH$bORPH$cKTS1_H$d2021-01-12$eKoopman$i45A31$l0$oVIS GOCK$p20127417$r2021-01-12 00:00:00$w2021-01-12$yBOO$OKoopman
=999  \\$d7677

