=LDR  01792cam a2200325 i 4500
=001  7682
=005  20250121142122.0
=008  150904t20152015ne\ab\\\\bc\\\000\0\dut\\
=020  \\$a9789460042409 (paperback)
=040  \\$aOI$beng$erda
=041  \\$adut
=100  \\$aGoedings, Truusje$d-1949$4aut$911172
=245  10$a'Afsetters en meester-afsetters':$bde kunst van het kleuren 1480-1720
=264  \1$aNijmegen$bVantilt$c2015
=300  \\$a175 pages :$bcolor illustrations, color maps ;$c26 cm
=500  \\$aDit boek verschijnt in samenhang met de expositie 'Op zoek naar Van Santen en de kleuren van de Gouden Eeuw', van 28 oktober 2015 tot 1 februari 2016, georganiseerd door de Bijzondere Collecties van de Universiteit van Amsterdam. 
=504  \\$aIncludes bibliographical references (pages 172-174).
=600  \0$aMerian, Maria Sibylla$d1647-1717$911173
=600  \0$aSanten, Dirck Jansz van$d1637/38-1708$911174
=648  \0$a15th Century (1401-1500)$1http://www.wikidata.org/entity/Q7018$921015
=648  \0$a16th Century (1501-1600)$1http://www.wikidata.org/entity/Q7017$920944
=648  \0$a17th Century (1601-1700)$1http://www.wikidata.org/entity/Q7016$920923
=648  \0$a18th Century (1701-1800)$1http://www.wikidata.org/entity/Q7015$920899
=650  \0$aFine art$1http://www.wikidata.org/entity/Q219625$921579
=650  \0$aBook$1http://www.wikidata.org/entity/Q571$92285
=651  \0$aNetherlands$1http://www.wikidata.org/entity/Q55$9173
=710  \\$aUniversiteitsbibliotheek van Amsterdam (Netherlands)$1http://www.wikidata.org/entity/Q2017571$91293
=942  \\$cBOO
=952  \\$00$10$2ddc$40$6BIB_2_000000000000000_GOED$70$8BIB$97680$aORPH$bORPH$cKTS0$d2021-01-12$eKoopman$i46E14$l0$oBIB2 GOED$p20126953$r2021-01-12 00:00:00$w2021-01-12$yBOO$OKoopman
=999  \\$d7682

