=LDR  01047aam a2200229   4500
=001  7684
=005  20251001162234.0
=008  210420s1962\\\\\\\|||||\||||\00|\0\ger\d
=041  \\$ager
=100  \\$aGoethe, Johann Wolfgang von$d1749-1832$4aut$1http://www.wikidata.org/entity/Q5879$911175
=245  \\$aSchriften zur Kunst
=260  \\$c1962$aMünchen$bdtv
=300  \\$a293 pages
=490  \\$adtv Gesamtausgabe$v33-34
=648  \0$a18th Century (1701-1800)$1http://www.wikidata.org/entity/Q7015$920899
=650  \0$aAesthetics$1http://www.wikidata.org/entity/Q35986$921494
=651  \0$aGermany$1http://www.wikidata.org/entity/Q183$9155
=700  \\$4aft$aDenker, Rolf-Dieter$921301
=942  \\$cBOO
=952  \\$00$10$2ddc$3vol. 1$40$6TRE_GOET$70$8TRE$97682$aORPH$bORPH$cKTS1_H$d2021-01-12$eKoopman$i40B27-1$l0$oTRE GOET$p20120306$r2021-01-12 00:00:00$w2021-01-12$yBOO
=952  \\$00$10$2ddc$3vol. 2$40$6TRE_GOET$70$8TRE$97683$aORPH$bORPH$cKM12_1$d2021-01-12$eKoopman$i40B27-2$l0$oTRE GOET$p20120305$r2021-01-12 00:00:00$w2021-01-12$yBOO
=999  \\$d7684

