=LDR  01573aam a2200277   4500
=001  7691
=005  20251003085457.0
=008  241218s1901\\\\||||||||\||||\00|\0\ger\d
=041  \\$ager
=100  \\$aGöhler, Karl Albert$911183
=245  \\$aDie Messkataloge im Dienste der musikalischen Geschichtsforschung.$bEine Anregung zur zeitgenössischen Bücherbeschreibung
=260  \\$c1901$aLeipzig$bBreitkopf & Härtel
=300  \\$a83 pages
=590  \\$aInaugural-Dissertation zur Erlangung Doktorwürde einer Hohen philosophischen Fakultät der Universität Leipzig, vorgelegt durch Karl Albert Göhler aus Zwickau i. S. 
=648  \0$a16th Century (1501-1600)$1http://www.wikidata.org/entity/Q7017$920944
=648  \0$a17th Century (1601-1700)$1http://www.wikidata.org/entity/Q7016$920923
=648  \0$a18th Century (1701-1800)$1http://www.wikidata.org/entity/Q7015$920899
=650  \0$aMusic publishing company$1http://www.wikidata.org/entity/Q1917775$927716
=650  \0$aTrade$1http://www.wikidata.org/entity/Q601401$923616
=650  \0$aPrice$1http://www.wikidata.org/entity/Q160151$922382
=650  \0$aCatalogue$1http://www.wikidata.org/entity/Q2352616$1http://www.wikidata.org/entity/Q6941730$921484
=650  \0$aMusic printing$1http://www.wikidata.org/entity/Q64416036$94007
=650  \0$aBibliography$1http://www.wikidata.org/entity/Q134995$93965
=942  \\$cBOO
=952  \\$00$10$2ddc$40$6BIB_3_000000000000000_GOHL$70$8BIB$97689$aORPH$bORPH$cKTS0$d2021-01-12$eKoopman$i37E15$l0$oBIB3 GOHL$p20120525$r2021-01-12 00:00:00$w2021-01-12$yBOO$OKoopman
=999  \\$d7691

