=LDR  01040cam a22002531a 4500
=001  7703
=005  20250121142122.0
=008  100312s1915\\\\sz\\\\\\\\\\\\001\0\ger\\
=040  \\$aOI
=041  \\$ager
=100  \\$aGoldschmidt, Hugo$d1859-1920$4aut$911191
=245  14$aDie Musikästhetik des 18. Jahrhunderts und ihre Beziehungen zu seinem Kunstschaffen
=260  \\$aZürich ;$aLeipzig :$bRascher & Co.,$c1915.
=300  \\$a461 pages$c24 cm.
=650  \0$xPhilosophy and aesthetics.
=650  \0$y18th century
=650  \0$aOpera.
=906  \\$a7$bcbc$cpremver$d2$encip$f19$gy-gencatlg
=942  \\$2ddc$cBOO
=952  \\$00$10$2ddc$40$6AES_GOLD$70$8AES$97701$aORPH$bORPH$cKM12_1$d2021-01-12$eKoopman$i20F41$l0$oAES GOLD$p20128109$r2021-01-12 00:00:00$w2021-01-12$yBOO
=955  \\$avl39 2010-03-12 z-client$ivl39 2010-03-12 NEW INPUT$avk79 2010-05-06 auth subj
=999  \\$c7703$d7703
=648  \0$a18th Century (1701-1800)$1http://www.wikidata.org/entity/Q7015$920899
=650  \0$aMusic history$1http://www.wikidata.org/entity/Q846047$921373

