=LDR  02019aam a2200349   4500
=001  7711
=005  20251003085457.0
=008  250311s1994\\\\|||agf||\bc||\00|\0\ger\d
=041  \\$ager
=100  \\$aGolon, Peter$d1947-2024$911199$4aut
=245  \\$aNun komm, der Heiden Heiland.$bEin Beitrag zur Geschichte der Lutherischen Gesangbücher in Bremen - Verden
=260  \\$c1994$aStade$bEigenverlag Peter Colon
=300  \\$a48 pages
=500  \\$aautograph dedication of the author to Ton Koopman: "Dem Unvergleichlichen Ton Koopman Zum Studium, Peter Golon, Stade, 17.8.2002"
=500  \\$aExhibition Catalog
=590  \\$aAusstellung in St. Wilhadi zu Stade aus Anlass der Einführung des Evangelischen Gesangbuches am 1. Advent 1994 - 27.11-27.12.1994
=648  \0$a17th Century (1601-1700)$1http://www.wikidata.org/entity/Q7016$920923
=648  \0$a18th Century (1701-1800)$1http://www.wikidata.org/entity/Q7015$920899
=648  \0$a19th Century (1801-1900)$1http://www.wikidata.org/entity/Q6955$920935
=648  \0$a20th Century (1901-2000)$1http://www.wikidata.org/entity/Q6927$920936
=650  \0$aExhibition$1http://www.wikidata.org/entity/Q464980$925353
=650  \0$aCatalogue$1http://www.wikidata.org/entity/Q2352616$1http://www.wikidata.org/entity/Q6941730$921484
=650  \0$aReformation$1http://www.wikidata.org/entity/Q12562$93641
=650  \0$aLutheranism$1http://www.wikidata.org/entity/Q75809$923975
=650  \0$aMusic history$1http://www.wikidata.org/entity/Q846047$921373
=650  \0$aSong$1http://www.wikidata.org/entity/Q7366$94164
=650  \0$aBook$1http://www.wikidata.org/entity/Q571$92285
=651  \0$aBremen (Germany)$1http://www.wikidata.org/entity/Q24879$922658
=651  \0$aStade (Niedersachsen, Germany)$1http://www.wikidata.org/entity/Q6949$939882
=942  \\$cBOO
=952  \\$00$10$2ddc$40$6TOP__DE_BRE_5_000000000000000$70$8TOP$97709$aORPH$bORPH$cKTS0$d2021-01-12$eKoopman$i23F07$l0$oTOP.DE BRE 5$p20128920$r2021-01-12 00:00:00$w2021-01-12$yBOO$OKoopman
=999  \\$d7711

