=LDR  00664aam a2200169   4500
=001  7714
=008  221012s1962\\\\||||||||\||||\00|\0\dut\d
=041  \\$adut
=100  \\$aGombrich, Ernst$d1909-2001$1http://www.wikidata.org/entity/Q78504$911202
=245  \\$aEeuwige schoonheid:$bInleiding tot de kunst
=260  \\$aZeist$bde Haan$c1962
=534  \\$aOriginally published in 1950
=650  \0$aFine art$1http://www.wikidata.org/entity/Q219625$921579
=765  \\$aThe Story of Art
=942  \\$cBOO
=952  \\$00$10$2ddc$40$6VIS_GOMB$70$8VIS$97712$aORPH$bORPH$cKTS1_H$d2021-01-12$eKoopman$i40C13$l0$oVIS GOMB$p20120275$r2021-01-12 00:00:00$w2021-01-12$yBOO$OKoopman
=999  \\$d7714

