=LDR  01107pam a2200253 a 4500
=001  7717
=008  890228s1989\\\\nyuag\\\\b\\\\000\0\eng\|
=041  \\$aeng
=100  \\$aGoodall, Richard$911205$4aut
=245  10$aEighteenth-century English Secular Cantatas
=260  \\$aNew York$bGarland$c1989
=300  \\$a[xiv]-283 pages
=490  \\$aOutstanding dissertations in music from British universities
=504  \\$aBibliography: p. [266]-283.
=648  \0$a18th Century (1701-1800)$1http://www.wikidata.org/entity/Q7015$920899
=650  \0$aSong$1http://www.wikidata.org/entity/Q7366$94164
=650  \0$aMusic$92062
=650  \0$aMusic history$1http://www.wikidata.org/entity/Q846047$921373
=650  \0$aCantata$1http://www.wikidata.org/entity/Q174873$921603
=650  \0$aEnglish$1http://www.wikidata.org/entity/Q1860$92138
=651  \0$aUnited Kingdom$1http://www.wikidata.org/entity/Q21$9273
=942  \\$cBOO
=952  \\$00$10$2ddc$40$6TOP_GB_5_000000000000000$70$8TOP$97715$aORPH$bORPH$cKTS0$d2021-01-12$eKoopman$i31C07$l0$oTOP GB 5$p20123263$r2021-01-12 00:00:00$w2021-01-12$yBOO$OKoopman
=999  \\$d7717

