=LDR  01124ccm a2200253 a 4500
=001  7721
=005  20250120120230.0
=008  920911s1980\\\\pl\uua\\\hi\\\\n\\\\lat\\
=020  \\$a8322413440
=028  22$aPWN-8190$bPolskie Wydawn. Muzyczne
=040  \\$aOI
=041  0\$alat$genggerpol
=100  \\$aGorczycki, Grzegorz Gerwazy,$d1660-1734.$4cmp$911213
=245  10$aLitaniae de providentia divina :$ba due canti, alto, tenore, basso, due violini, due oboi, due clarini, viola bassa con basso continuo /$cGrzegorz Gerwazy Gorczycki.
=250  \\$aWyd. 2.
=260  \\$aKraków, Poland :$bPolskie Wydawn. Muzyczne,$c[1984], c1980.
=300  \\$a1 score (71 p.) :$b4 facsims. ;$c31 cm.
=490  1\$aWydawnictwo dawnej muzyki polskiej =$aEarly Polish music ;$v75
=650  \0$aChoral music$1http://www.wikidata.org/entity/Q1076513$94368
=650  \0$aLitany$1http://www.wikidata.org/entity/Q240709$92809
=830  \0$9567$aWydawnictwo dawnej muzyki polskiej ;$v75.
=942  \\$cSCO
=952  \\$00$10$40$70$8SCO$97719$aORPH$bORPH$cKTS1_P$d2021-01-12$l0$p20124209$r2021-01-12 00:00:00$w2021-01-12$ySCO$OW.0003
=999  \\$c7721$d7721

