=LDR  02457cam a2200385 a 4500
=001  7739
=005  20251003085457.0
=008  920313m1991\\\\gw\\\\\\\bc\\\001\0\fre\\
=041  \\$afre
=100  \\$aMeyer, Christian$d1952-$4edt$911225
=245  00$aSources manuscrites en tablature.$bLuth et theorbe (c. 1500-c. 1800). Catalogue descriptif 
=246  15$aManuscript sources in tablature
=246  15$aTabulaturen in Handschriften
=260  \\$aBaden-Baden$bKoerner$c1991-99
=300  \\$a170+322+148+266 pages$c23 cm
=490  1\$aCollection d'études musicologiques =$aSammlung musikwissenschaftlicher Abhandlungen
=504  \\$aIncludes bibliographical references.
=505  1\$aVol 1: Confœderatio Helvetica (CH), France (F) - Vol. 2: Bundesrepublik Deutschland (D) - Vol.3/1: Österreich (A) - Vol 3/2: République tcheque (CZ), Hongrie (H), Lituanie (LT), Pologne (PL), Fédération de Russie (RF), Slovaquie (SK), Ukraine (UKR)
=648  \0$a16th Century (1501-1600)$1http://www.wikidata.org/entity/Q7017$920944
=648  \0$a17th Century (1601-1700)$1http://www.wikidata.org/entity/Q7016$920923
=648  \0$a18th Century (1701-1800)$1http://www.wikidata.org/entity/Q7015$920899
=650  \0$aInstrumental music$1http://www.wikidata.org/entity/Q639197$92106
=650  \0$aLute$1http://www.wikidata.org/entity/Q180733$93944
=650  \0$aCatalogue$1http://www.wikidata.org/entity/Q2352616$921484
=651  \0$aEurope$1http://www.wikidata.org/entity/Q46$991
=700  \\$aGoy, François-Pierre$4ctb$911224
=700  \\$aRollin, Monique$4ctb$911226
=700  \\$aKirály, Péter$4ctb$911227
=700  \\$aCrawford, Tim$4ctb$911228
=942  \\$cBOO
=952  \\$00$10$2ddc$3Volume I$40$6INS_5_000000000000000_1D_SOUR$70$8INS$97737$aORPH$bORPH$cKTS0$d2020-07-08$eKoopman$i25C36$oINS5.1d SOUR$p20129218$r2021-01-12 00:00:00$w2021-01-12$yBOO
=952  \\$00$10$2ddc$3Volume III/2$40$6INS_5_000000000000000_1D_SOUR$70$8INS$921067$aORPH$bORPH$cKTS0$d2020-07-08$eKoopman$i25C36$oINS5.1d SOUR$p20129216$r2021-12-09 00:00:00$w2021-12-09$yBOO
=952  \\$00$10$2ddc$3Volume III/1$40$6INS_5_000000000000000_1D_SOUR$70$8INS$921068$aORPH$bORPH$cKTS0$d2021-12-09$eKoopman$i25C36$oINS5.1d SOUR$p20129215$r2021-12-09 00:00:00$w2021-12-09$yBOO
=952  \\$00$10$2ddc$3Volume II$40$6INS_5_000000000000000_1D_SOUR$70$8INS$921069$aORPH$bORPH$cKTS0$d2021-12-09$eKoopman$i25C36$oINS5.1d SOUR$p20129217$r2021-12-09 00:00:00$w2021-12-09$yBOO
=999  \\$d7739

