=LDR  00301    a2200109   4500
=001  7740
=100  \\$aGrabbe, J.$4cmp$911229
=245  \\$aWerke
=260  \\$c1971
=942  \\$cSCO
=952  \\$00$10$40$70$8SCO$97738$aORPH$bORPH$cKTS1_P$d2021-01-12$l0$p20121634$r2021-01-12 00:00:00$w2021-01-12$ySCO$OW.0744
=999  \\$c7740$d7740

