=LDR  00717aam a2200181   4500
=001  7744
=005  20250930163027.0
=008  250930s1961\\\\|||agof|\b|||\001\0\ger\d
=041  \\$ager
=100  \\$aGradenwitz, Peter$d1910-2001$911231$4aut
=245  \\$aDie Musikgeschichte Israels.$bVon den biblischen Anfängen bis zum modernen Staat
=260  \\$c1961$aKassel$bBärenreiter
=300  \\$a240 pages
=650  \0$aMusic history$1http://www.wikidata.org/entity/Q846047$921373
=651  \0$aIsrael$1http://www.wikidata.org/entity/Q801$9178
=942  \\$cBOO
=952  \\$00$10$2ddc$40$6TOP_IL$70$8TOP$97742$aORPH$bORPH$cKTS0$d2021-01-12$eKoopman$i42D36$l0$oTOP IL$p20120049$r2021-01-12 00:00:00$w2021-01-12$yBOO$OKoopman
=999  \\$d7744

