=LDR  00366    a2200109   4500
=001  7746
=100  \\$aGrancy, C. de$911235
=245  \\$aWandlungen - Ereignis Skulptur
=260  \\$c2003
=942  \\$cBOO
=952  \\$00$10$2ddc$40$6VIS_GRAN$70$8VIS$97744$aORPH$bORPH$cKTS1_H$d2021-01-12$eKoopman$i41F13$l0$oVIS GRAN$p20120113$r2021-01-12 00:00:00$w2021-01-12$yBOO$OKoopman
=999  \\$c7746$d7746

