=LDR  01648aab a2200229   4500
=001  7757
=008  250623s1913\\\\||||||||\||||\00|\0\eng\d
=100  \\$aGrattan Flood, W.H.$d1848-1928$1http://www.wikidata.org/entity/Q7945638$911244
=245  \\$aEntries relating to music in the English patent rolls of the fiftenth century (1405-1485)
=260  \\$c1913$bOxford Unversity Press
=300  \\$a[12 pages]
=490  \\$aThe Musical Antiquary$vJuly 1913
=500  \\$aAutograph dedication to A.F. Hill (?=Australian composer, conductor & violin teacher Alfred Francis Hill 1869-1960)
=500  \\$aThe patent rolls (Latin: Rotuli litterarum patentium) are a series of administrative records compiled in the English, British and United Kingdom Chancery, running from 1201 to the present day. 
=500  \\$aThe Musical Antiquary, one of the first British musicology journals, was published quarterly by Oxford University Press from October 1909 to July 1913, when publication ceased without explanation. Its dated but unnumbered issues contain between sixty and seventy pages printed in a single-column format.
=561  \\$aEx libris Arthur F. Hill FSA 1905 (Plate with violin)
=648  \0$a15th Century (1401-1500)$1http://www.wikidata.org/entity/Q7018$921015
=650  \0$aMusic history$1http://www.wikidata.org/entity/Q846047$921373
=651  \0$aUnited Kingdom$1http://www.wikidata.org/entity/Q21$1http://www.wikidata.org/entity/Q145$9273
=942  \\$cCHA
=952  \\$00$10$2ddc$40$6TOP_GB_4_000000000000000$70$8TOP$97755$aORPH$bORPH$cKTS0$d2021-01-12$eKoopman$i34E04$l0$oTOP GB 4$p20120823$r2021-01-12 00:00:00$w2021-01-12$yCHA$OKoopman
=999  \\$d7757

