=LDR  00964aam a2200205   4500
=001  7758
=008  250128s1934\\\\|||a||||\||||\00|\0\ger\d
=100  \\$aGraul, Richard$d1862-1944$1http://www.wikidata.org/entity/Q104324$911245
=245  \\$aDas Hausbuch.$bBilder aus dem deutschen Mittelalter von einem unbekannten Meister
=260  \\$c1934
=300  \\$a20-[32] pages
=561  \\$aEx libris Hugo Wild (Stamp)
=648  \0$a15th Century (1401-1500)$1http://www.wikidata.org/entity/Q7018$921015
=650  \0$aIconography$1http://www.wikidata.org/entity/Q208145$921259
=650  \0$aHistory$1http://www.wikidata.org/entity/Q309$921403
=650  \0$aFine art$1http://www.wikidata.org/entity/Q219625$921579
=651  \0$aGermany$1http://www.wikidata.org/entity/Q183$9155
=942  \\$cBOO
=952  \\$00$10$2ddc$40$6TOP_DE_3_000000000000000$70$8TOP$97756$aORPH$bORPH$cKTS0$d2021-01-12$eKoopman$l0$oTOP DE 3$p20120961$r2021-01-12 00:00:00$w2021-01-12$yBOO$OKoopman
=999  \\$d7758

