=LDR  00482acm a2200145   4500
=001  7759
=008  230616s2000\\\\||||||||\||||\00|\0\ger\d
=020  \\$aM700150105
=041  \\$ager$dita
=100  \\$aGraun, Carl Heinrich$d1704-1759$4cmp$1http://www.wikidata.org/entity/Q161208$96249
=245  \\$aSechs italienische Kantaten
=260  \\$c2000
=942  \\$cSCO
=952  \\$00$10$40$70$8SCO$97757$aORPH$bORPH$cKTS1_P$d2021-01-12$l0$p20124327$r2021-01-12 00:00:00$w2021-01-12$ySCO$OW.1768
=999  \\$d7759

