=LDR  00396aca a2200121   4500
=001  7760
=041  \\$ager
=100  \\$aGraupner, Christoph$d1683-1760$4cmp$1http://www.wikidata.org/entity/Q115067$99628
=245  \\$aAusgewählte Kantaten
=260  \\$c1960
=942  \\$cSCO
=952  \\$00$10$40$70$8SCO$97758$aORPH$bORPH$cKTS1_P$d2021-01-12$l0$p20121562$r2021-01-12 00:00:00$w2021-01-12$ySCO$OW.0013-51/52
=999  \\$d7760

