=LDR  01496aam a2200289   4500
=001  7768
=008  241217s1877\\\\||||||||\||||\00|\0dfre\d
=041  \\$afre
=100  \\$aGregoir, Edouard G. J.$d1822-1890$1http://www.wikidata.org/entity/Q3719715$4aut$915702
=245  \\$aL'Opéra à Anvers - L'Opéra à Bruxelles
=260  \\$c1877
=300  \\$a210 pages
=490  \\$aPanthéon Musical populaire$vvol.6
=500  \\$aL'Opéra à Anvers, 1673-1834 - L'Opéra à Bruxelles, 1655-1799
=610  \0$aDe Munt / La Monnaie (Brussels, Belgium)$1http://www.wikidata.org/entity/Q551479$921000
=648  \0$a17th Century (1601-1700)$1http://www.wikidata.org/entity/Q7016$920923
=648  \0$a18th Century (1701-1800)$1http://www.wikidata.org/entity/Q7015$920899
=648  \0$a19th Century (1801-1900)$1http://www.wikidata.org/entity/Q6955$920935
=650  \0$aOpera$1http://www.wikidata.org/entity/Q1344 $92468
=650  \0$aMusic history$1http://www.wikidata.org/entity/Q846047$921373
=651  \0$aFlanders (Belgium)$1http://www.wikidata.org/entity/Q234$989
=651  \0$aBelgium$1http://www.wikidata.org/entity/Q31$920881
=651  \0$aAntwerp (Belgium)$1http://www.wikidata.org/entity/Q12892$920974
=651  \0$aBrussels (Belgium)$1http://www.wikidata.org/entity/Q239$937
=942  \\$cBOO
=952  \\$00$10$2ddc$40$6TOP_BE_FLA_5_000000000000000$70$8TOP$97766$aORPH$bORPH$cKTS0$d2021-01-12$eKoopman$i19F17$l0$oTOP BE.FLA 5$p20125255$r2021-01-12 00:00:00$w2021-01-12$yBOO$OKoopman
=999  \\$d7768

