=LDR  01774aam a2200289   4500
=001  7775
=008  250311s1985\\\\|||a||||\b|||\001\0dger\d
=041  \\$ager
=100  \\$aGreve, Werner$911266$4aut
=245  \\$a"Musicam habe ich allezeit lieb gegehabt..."$bLeben und Wirken Braunschweiger Organisten, Spielleute und Kantoren an der Altstadt-Kirche St. Martini in Braunschweig 1500-1800. Ein Beitrag zur Musikgeschichte Braunschweigs.
=260  \\$c1985$aBrunswick (Germany)$bGesellschaft zur Förderung der Musik an St. Martini e. V.
=300  \\$a99 pages
=610  \0$aAltstadt-Kirche St. Martini (Braunschweig, Germany)$1http://www.wikidata.org/entity/Q2321278$939876
=648  \0$a16th Century (1501-1600)$1http://www.wikidata.org/entity/Q7017$920944
=648  \0$a17th Century (1601-1700)$1http://www.wikidata.org/entity/Q7016$920923
=648  \0$a18th Century (1701-1800)$1http://www.wikidata.org/entity/Q7015$920899
=650  \0$aChurch music$1http://www.wikidata.org/entity/Q8812109$1http://www.wikidata.org/entity/Q1065742$92283
=650  \0$aMusician$1http://www.wikidata.org/entity/Q639669$93574
=650  \0$aOrganist$1http://www.wikidata.org/entity/Q765778$94471
=650  \0$aCantor$1http://www.wikidata.org/entity/Q330679$923204
=650  \0$aMusic history$1http://www.wikidata.org/entity/Q846047$921373
=650  \0$aProfessional$1http://www.wikidata.org/entity/Q702269$923223
=650  \0$aInstrumentalist$1http://www.wikidata.org/entity/Q1278335$921706
=651  \0$aBrunswick (Germany)$1http://www.wikidata.org/entity/Q2773$950
=942  \\$cBOO
=952  \\$00$10$2ddc$40$6TOP_DE_BRA1_4_000000000000000$70$8TOP$97773$aORPH$bORPH$cKTS0$d2021-01-12$eKoopman$i47C26$l0$oTOP DE.BRA1 4$p20123727$r2021-01-12 00:00:00$w2021-01-12$yBOO$OKoopman
=999  \\$d7775

