=LDR  00347    a2200121   4500
=001  7781
=020  \\$a9789086890187
=100  \\$aGrijzenhout, F.$911272
=245  \\$aDe burger van Delft
=260  \\$c2006
=942  \\$cBOO
=952  \\$00$10$40$70$97779$aORPH$bORPH$cLOC_UNK$d2021-01-12$l0$p20122428$r2021-01-12 00:00:00$w2021-01-12$yTYPE_UNK$OKoopman
=999  \\$c7781$d7781

