=LDR  00795nam a2200217 a 4500
=001  7784
=005  20250120120025.0
=008  830420t19811971no\ag\\\\b\\\\001\0\nor\\
=020  \\$a8200056392 :$ckr255.00
=040  \\$aOI
=100  \\$aGrinde, Nils$911275
=245  10$aNorsk musikkhistorie :$bhovedlinjer i norsk musikkliv gjennom 1000 år /$cNils Grinde.
=250  \\$a3. revid. utg.
=260  \\$aOslo :$bUniversitetsforlaget,$c1981, c1971.
=300  \\$a417 p. :$bill., music ;$c26 cm.
=504  \\$aIncludes bibliographies and index.
=650  \0$aMusic$92062
=942  \\$cBOO
=952  \\$00$10$40$70$97782$aORPH$bORPH$cLOC_UNK$d2021-01-12$l0$p20122338$r2021-01-12 00:00:00$w2021-01-12$yTYPE_UNK$OKoopman
=999  \\$c7784$d7784
=650  \0$aMusic history$1http://www.wikidata.org/entity/Q846047$921373

