=LDR  00752cam a2200217 p 4500
=001  7787
=005  20250120120025.0
=008  790913s1979\\\\ne\a\\\\\b\\\\000\0\dut\\
=015  \\$aNe79-11
=020  \\$a9060114949 :$cfl 29.50
=040  \\$aOI
=041  \\$adut
=245  03$aDe Kogel door de kerk?$bde opstand in de Nederlanden en de rol van de Unie van Utrecht, 1559-1609
=260  \\$aZutphen$bWalburg Pers$c1979
=300  \\$a204 pages$bwith ill.$c29 cm
=504  \\$aBibliography: p. 194-199.
=651  \0$aNetherlands$1http://www.wikidata.org/entity/Q55$9173
=700  \\$aGroenveld, Simon$911279
=942  \\$cBOO
=952  \\$00$10$40$70$97785$aORPH$bORPH$cLOC_UNK$d2021-01-12$l0$p20125571$r2021-01-12 00:00:00$w2021-01-12$yTYPE_UNK$OKoopman
=999  \\$d7787

