=LDR  01199cam a2200265 a 4500
=001  7789
=005  20250120120025.0
=008  900421s1985\\\\ne\a\\\\\b\\\\010\0\dut\\
=020  \\$a9067070653 :$cfl 42.50
=040  \\$aOI
=041  0\$aduteng
=245  00$aBestuurders en geleerden :$bopstellen over onderwerpen uit de Nederlandse geschiedenis van de zestiende, zeventiende en achttiende eeuw, aangeboden aan Prof. Dr. J.J. Woltjer bij zijn afscheid als hoogleraar van de Rijksuniversiteit te Leiden /$conder redactie van S. Groenveld, M.E.H.N. Mout, I. Schöffer.
=260  \\$aAmsterdam :$bBataafsche Leeuw,$cc1985.
=300  \\$a224 p. :$bill. ;$c25 cm.
=504  \\$aIncludes bibliographies.
=651  \0$aNetherlands$1http://www.wikidata.org/entity/Q55$9173
=651  \0$aNetherlands$1http://www.wikidata.org/entity/Q55$9173
=600  \0$aWoltjer, Jan Juliaan$d-1924$911280
=700  \\$aWoltjer, J. J.$d-1924$911281
=700  \\$aGroenveld, Simon$911279
=700  \\$aMout, M. E. H. N.$911282
=700  \\$aSchöffer, Ivo.$911283
=942  \\$cBOO
=952  \\$00$10$40$70$97787$aORPH$bORPH$cLOC_UNK$d2021-01-12$l0$p20123151$r2021-01-12 00:00:00$w2021-01-12$yTYPE_UNK$OKoopman
=999  \\$c7789$d7789

