=LDR  01026cam a2200229 a 4500
=001  7797
=005  20250120120236.0
=008  960808s1996\\\\ne\a\\\\\b\\\\000\0\dut\\
=020  \\$a9053562001
=040  \\$aOI
=100  \\$aGrootes, E. K.$99825
=245  10$aVisie in veelvoud :$bopstellen van prof. dr. E.K. Grootes over zeventiende-eeuwse letterkunde ter gelegenheid van zijn zestigste verjaardag /$cverzameld door M. Spies en J. Jansen ; met een bibliografie van het werk van prof. dr. E.K. Grootes.
=260  \\$aAmsterdam :$bAmsterdam University Press,$cc1996.
=300  \\$avii, 211 p. :$bill. ;$c24 cm.
=504  \\$aIncludes bibliographical references.
=650  \0$aLiterature$1http://www.wikidata.org/entity/Q8242$94439
=700  \\$aSpies, Marijke$910978
=700  \\$aJansen, Jeroen$911289
=942  \\$cBOO
=952  \\$00$10$40$70$97794$aORPH$bORPH$cLOC_UNK$d2021-01-12$l0$p20122006$r2021-01-12 00:00:00$w2021-01-12$yTYPE_UNK$OKoopman
=999  \\$c7797$d7797
=651  \0$aNetherlands$1http://www.wikidata.org/entity/Q55$9173

