=LDR  00886    a2200229   4500
=001  7813
=008  220613s1992\\\\fr\af|||\||||\00|\0\fre\d
=022  \\$a2876610620
=041  \\$afre
=245  \\$aLes Orgues de Lyon.$bLes Orgues du Département du Rhône
=250  \\$aInventaire National des Orgues
=260  \\$c1992$aSeyssel$bComp'Act
=300  \\$a452 pages
=336  \\$aprinted
=650  \0$aOrgan$1http://www.wikidata.org/entity/Q1444$92810
=650  \0$aOrganology$1http://www.wikidata.org/entity/Q899293$921400
=651  \0$aLyon (France)$1http://www.wikidata.org/entity/Q456$924167
=700  \\$4aut$aGuéritey, Michelle$924166
=700  \\$4aut$aGuéritey, Pierre-Marie$911302
=942  \\$cBOO
=952  \\$00$10$2ddc$40$6INS_3_000000000000000_1A_FR_LYO$70$8INS$97810$aORPH$bORPH$cKTS0$d2021-01-12$i45G33$oINS3.1a FR.LYO$p20127531$r2021-01-12 00:00:00$w2021-01-12$yBOO
=999  \\$d7813

