=LDR  00328    a2200109   4500
=001  7821
=100  \\$aGulik, E. van$911306
=245  \\$aEen gedenksteen voor Plantijn en
=260  \\$c1965
=942  \\$cBOO
=952  \\$00$10$40$70$97818$aORPH$bORPH$cLOC_UNK$d2021-01-12$l0$p20120163$r2021-01-12 00:00:00$w2021-01-12$yTYPE_UNK$OKoopman
=999  \\$c7821$d7821

