=LDR  00719    a2200181   4500
=001  7824
=008  210521s1956\\\\\\\|||||\||||\00|\0\ger\d
=041  \\$ager$alat
=245  \\$aDie Musiktraktate Conrads von Zabern
=260  \\$c1956$aWiesbaden$bFranz Steiner
=300  \\$a158 pages
=490  \\$aAbhandlungen der Geistes- und Socialwissenschaftlichen Klasse$v1956/4
=650  \0$aMusic theory$1http://www.wikidata.org/entity/Q193544$92662
=700  \\$4aut$aZabern, Konrad von$d?-c; 1480 $921560
=700  \\$4aut$aGümpel, K. W.$911309
=942  \\$cBOO
=952  \\$00$10$2ddc$40$6TRE_ZABE$70$8TRE$97821$aORPH$bORPH$cKTS1_H$d2021-01-12$eKoopman$i23B22$l0$oTRE ZABE$p20128537$r2021-01-12 00:00:00$w2021-01-12$yBOO
=999  \\$c7824$d7824

