=LDR  01544nam a2200301 a 4500
=001  7825
=005  20250218155046.0
=008  971107s1997\\\\gw\g\\\\\b\\\\001\0\ger\\
=020  \\$a3476015823
=041  \\$ager
=110  \\$aSchwäbisches Landesmusikarchiv (Tübingen, Germany)$91339
=245  10$aMusikalien des 18. Jahrhunderts aus den Klöstern Rot an der Rot und Isny :$bKatalog
=260  \\$aStuttgart$bMetzler$c1997
=300  \\$axxxii-220 pages$bmusic$c23 cm.
=490  \\$aQuellen und Studien zur Musik in Baden-Württemberg$v2
=490  \\$aKataloge des Schwäbischen Landesmusikarchivs am Musikwissenschaftlichen Institut der Universität Tübingen$v2
=504  \\$aIncludes bibliographical references and index.
=610  \0$aSchwäbisches Landesmusikarchiv (Tübingen, Germany)$91339
=610  \0$aKloster Rot an der Rot (Germany)$91340
=610  \0$aBenediktinerabtei St. Georg, Isny (Germany)$91341
=648  \0$a18th Century (1701-1800)$1http://www.wikidata.org/entity/Q7015$920899
=650  \0$aManuscript$1http://www.wikidata.org/entity/Q87167$92275
=650  \0$aChurch music$1http://www.wikidata.org/entity/Q8812109$1http://www.wikidata.org/entity/Q1065742$92283
=651  \0$aBaden-Württemberg (Germany)$1http://www.wikidata.org/entity/Q985$922802
=700  \\$aGünther, Georg$911310$4edt
=942  \\$cBOO
=952  \\$00$10$2ddc$40$6BIB_4_000000000000000_DE_BAD_5$70$8BIB$97822$aORPH$bORPH$cKTS0$d2021-01-12$eKoopman$i22D36$l0$oBIB4 DE.BAD 5$p20128446$r2021-01-12 00:00:00$w2021-01-12$yTYPE_UNK$OKoopman
=999  \\$d7825

