=LDR  00353    a2200121   4500
=001  7841
=020  \\$a9789040087912
=100  \\$aHaak, B.$911321
=245  \\$aHollandse schilders in de Gouden
=260  \\$c1984
=942  \\$cBOO
=952  \\$00$10$40$70$97838$aORPH$bORPH$cLOC_UNK$d2021-01-12$l0$p20128592$r2021-01-12 00:00:00$w2021-01-12$yTYPE_UNK$OKoopman
=999  \\$c7841$d7841

