=LDR  00338    a2200121   4500
=001  7843
=020  \\$a9789081340205
=100  \\$aHaan, M. de$911323
=245  \\$aVerzamelkoorts
=260  \\$c2013
=942  \\$cBOO
=952  \\$00$10$40$70$97840$aORPH$bORPH$cLOC_UNK$d2021-01-12$l0$p20127425$r2021-01-12 00:00:00$w2021-01-12$yTYPE_UNK$OKoopman
=999  \\$c7843$d7843

