=LDR  00864cam a2200229 p 4500
=001  7845
=005  20250120120243.0
=008  800213s1979\\\\ne\a\\\\\b\\\\001\0\dut\\
=015  \\$aNe79-48
=020  \\$a9010026728 :$cfl 49.50
=040  \\$aOI
=245  00$aOnze volkskunst /$c[redactie van] Tjaard de Haan.
=260  \\$aAmsterdam :$bElsevier : [Elsevier Focus],$c1979.
=300  \\$a319 p. :$bwith ill. ;$c26 cm.
=504  \\$aBibliography: p. 312-314.
=650  \0$aFolklore$1http://www.wikidata.org/entity/Q36192$94595
=650  \0$aFolklore$1http://www.wikidata.org/entity/Q36192$94595
=700  \\$aHaan, Tjaard Wiebo Renzo de$911325
=942  \\$cBOO
=952  \\$00$10$40$70$97842$aORPH$bORPH$cLOC_UNK$d2021-01-12$l0$p20122992$r2021-01-12 00:00:00$w2021-01-12$yTYPE_UNK$OKoopman
=999  \\$c7845$d7845
=651  \0$aNetherlands$1http://www.wikidata.org/entity/Q55$9173

