=LDR  01333aam a2200265   4500
=001  7849
=005  20251003085457.0
=008  250604b\\\\\\\\|||\||||\c|||\00|\0\eng\d
=041  \\$aeng
=110  \\$aOtto Haas (London, United Kingdom)$940180
=245  \\$aVocal and instrumental music$n[catalogue] No. 26
=260  \\$c1948 ?$aLondon$bHaas
=300  \\$a57 pages
=500  \\$asales catalogue of antiquarian books/scores
=500  \\$aNot sure if the date stamp on front cover (6 Oct 1948) represents the publication date of the catalogue. 
=590  \\$aVocal Scores, Chamber, Pianoforte and Organ Music. With exclusion of Full Orchestral Scores.
=648  \0$a20th Century (1901-2000)$1http://www.wikidata.org/entity/Q6927$920936
=650  \0$aBook$1http://www.wikidata.org/entity/Q571$92285
=650  \0$aCatalogue$1http://www.wikidata.org/entity/Q2352616$1http://www.wikidata.org/entity/Q6941730$921484
=650  \0$aCollecting$1http://www.wikidata.org/entity/Q208165$92117
=651  \0$aLondon (United Kingdom)$1http://www.wikidata.org/entity/Q84$9123
=700  \\$aHaas, Otto$d1874-1955$4edt$940315
=942  \\$cBOO
=952  \\$00$10$2ddc$40$6BIB_4_000000000000000_GB_LON_HAAS$70$8BIB$97846$aORPH$bORPH$cKTS0$d2021-01-12$eKoopman$i41D27$l0$oBIB4 GB.LON HAAS$p20120145$r2021-01-12 00:00:00$w2021-01-12$yBOO$OKoopman
=999  \\$d7849

