=LDR  01363cam a2200289 i 4500
=001  7862
=005  20251003085457.0
=008  770512s1976\\\\gw\ag\\\\bc\\\001\0\ger\\
=020  \\$a3873280256
=040  \\$aOI
=041  \\$ager
=100  \\$aHaberkamp, Gertraut$d1937-2023$1http://www.wikidata.org/entity/Q95213319$911338$4aut
=245  00$aThematischer Katalog der Musikhandschriften der Fürstlich Oettingen-Wallerstein'schen Bibliothek Schloss Harburg
=260  \\$aMünchen$bHenle$c1976
=300  \\$axxxv-298 pages$bill., music$c30 cm.
=490  \\$aKataloge bayerischer Musiksammlungen
=504  \\$aBibliography: p. 270-271.
=590  \\$aMit einer Geschichte des Musikalienbestandes
=610  \0$aFürstlich Oettingen-Wallerstein'sche Bibliothek (Germany)$91348
=650  \0$aManuscript$1http://www.wikidata.org/entity/Q87167$92275
=650  \0$aLibrary$1http://www.wikidata.org/entity/Q7075$94229
=650  \0$aCatalogue$1http://www.wikidata.org/entity/Q2352616$1http://www.wikidata.org/entity/Q6941730$921484
=651  \0$aBavaria (Germany)$1http://www.wikidata.org/entity/Q980$9228
=700  \\$aVolckamer, Volker von$4ctb$939747
=942  \\$cBOO
=952  \\$00$10$2ddc$40$6BIB_4_000000000000000_DE_HAR$70$8BIB$97859$aORPH$bORPH$cKTS0$d2021-01-12$eKoopman$i38A42$l0$oBIB4 DE.HAR$p20122412$r2021-01-12 00:00:00$w2021-01-12$yBOO$OKoopman
=999  \\$d7862

