=LDR  00323    a2200109   4500
=001  7878
=100  \\$aHagerty, J. M.$4cmp$911361
=245  \\$aSuite for Harpsichord
=260  \\$c1984
=942  \\$cSCO
=952  \\$00$10$40$70$8SCO$97875$aORPH$bORPH$cKTS1_P$d2021-01-12$l0$p20124087$r2021-01-12 00:00:00$w2021-01-12$ySCO$OW.0987-1
=999  \\$c7878$d7878

