=LDR  00326    a2200109   4500
=001  7879
=100  \\$aHagerty, J. M.$4cmp$911361
=245  \\$aSuite for Harpsichord #2
=260  \\$c1984
=942  \\$cSCO
=952  \\$00$10$40$70$8SCO$97876$aORPH$bORPH$cKTS1_P$d2021-01-12$l0$p20124086$r2021-01-12 00:00:00$w2021-01-12$ySCO$OW.0987-2
=999  \\$c7879$d7879

