=LDR  01415cam a2200313 a 4500
=001  7882
=005  20250121144048.0
=008  960729s1995\\\\be\a\\\\\\\\\\000\0\fre\\
=020  \\$a2870095783
=040  \\$aOI
=041  \\$afre
=100  \\$aHaine, Malou$1http://www.wikidata.org/entity/Q17634899$4edt$917140
=245  00$a400 Lettres de musiciens au Musée Royal de Mariemont
=246  3\$aQuatre cents lettres de musiciens au Musée Royal de Mariemont
=260  \\$aLiège$bMardaga$c1995
=300  \\$a596 pages$bill.$c25 cm.
=490  \\$aCollection "Musique-musicologie"
=504  \\$aIncludes bibliographical references and index.
=546  \\$aIncludes correspondence in French, English, German, Italian, and Latin with French translations.
=590  \\$aIconographie rassemblee par Anne Meurant
=610  \0$aMusée Royal de Mariemont$1http://www.wikidata.org/entity/Q1976221$939531
=650  \0$aMusician$1http://www.wikidata.org/entity/Q639669$93574
=650  \0$aCorrespondence$1http://www.wikidata.org/entity/Q1784733$921392
=650  \0$aManuscript$1http://www.wikidata.org/entity/Q87167$92275
=700  \\$aMeurant, Anne$4edt$939530
=710  2\$aMusée royal de Mariemont.
=942  \\$cBOO
=952  \\$00$10$2ddc$40$6BIB_4_000000000000000_BE_MARI$70$8BIB$97879$aORPH$bORPH$cKTS0$d2021-01-12$eKoopman$i42D27$l0$oBIB4 BE MARI$p20120058$r2021-01-12 00:00:00$w2021-01-12$yBOO$OKoopman
=999  \\$d7882

