=LDR  00499    a2200145   4500
=001  7885
=020  \\$a9080040819
=041  \\$adut
=100  \\$aHakkenes, C. E. J.$4aut$911365
=245  \\$aInleiding tot de declamatorische voordracht van het gregoriaans.
=260  \\$c1989
=300  \\$a138 pages
=942  \\$cBOO$2ddc
=952  \\$00$10$2ddc$40$6MTP_2_000000000000000_HAKK$70$8MTP$97882$aORPH$bORPH$cKM12_1$d2021-01-12$eKoopman$i20C10$l0$oMTP 2 HAKK$p20128102$r2021-01-12 00:00:00$w2021-01-12$yBOO
=999  \\$c7885$d7885

