=LDR  00299    a2200109   4500
=001  7887
=100  \\$aHaks, F.$911367
=245  \\$aSimiolus
=260  \\$c1969
=942  \\$cBOO
=952  \\$00$10$40$70$97884$aORPH$bORPH$cLOC_UNK$d2021-01-12$l0$p20128458$r2021-01-12 00:00:00$w2021-01-12$yTYPE_UNK$OKoopman
=999  \\$c7887$d7887

