=LDR  00789aam a2200181   4500
=001  7893
=008  250116s1949\\\\|||oab||\||||\00|\0|dut\d
=100  \\$aHammée, F.O. van$911373$4aut
=245  \\$aMechelen, oude hoofdstad van de Nederlanden
=260  \\$c1949$aAmsterdam$bAlbert De Lange
=300  \\$a120 pages$bfolded page
=490  \\$aHeemschutserie$v65
=648  \0$aPast$1http://www.wikidata.org/entity/Q192630$922196
=650  \0$aCultural history$1http://www.wikidata.org/entity/Q858517$922395
=651  \0$aMechelen (Belgium)$1http://www.wikidata.org/entity/Q162022$921975
=942  \\$cBOO
=952  \\$00$10$2ddc$40$6TOP_BE_MEC_0_000000000000000$70$8TOP$97890$aORPH$bORPH$cKTS0$d2021-01-12$eKoopman$i43G23$l0$oTOP BE.MEC 0$p20126783$r2021-01-12 00:00:00$w2021-01-12$yBOO$OKoopman
=999  \\$d7893

