=LDR  00963aam a2200205   4500
=001  7895
=008  250507s1921\\\\|||ag|||\||||\001\0\dan\d
=041  \\$adan
=100  \\$aHammerich, Angul$d1848-1931$1http://www.wikidata.org/entity/Q4495309$96422
=245  \\$aDansk Musikhistorie indtil ca. 1700
=260  \\$c1921$aCopenhagen$bG. E. C. Gad
=300  \\$axxii-243 pages
=648  \0$aMiddle Ages (500-1400)$1http://www.wikidata.org/entity/Q12554$920964
=648  \0$aRenaissance (1400-1600)$1http://www.wikidata.org/entity/Q4692$920965
=648  \0$a17th Century (1601-1700)$1http://www.wikidata.org/entity/Q7016$920923
=650  \0$aMusic history$1http://www.wikidata.org/entity/Q846047$921373
=651  \0$aDenmark$1http://www.wikidata.org/entity/Q35$921295
=942  \\$cBOO
=952  \\$00$10$2ddc$40$6TOP_DK_4_000000000000000$70$8TOP$97892$aORPH$bORPH$cKTS0$d2021-01-12$eKoopman$i34B28$l0$oTOP DK 4$p20122588$r2021-01-12 00:00:00$w2021-01-12$yBOO$OKoopman
=999  \\$d7895

