=LDR  00427    a2200121   4500
=001  7897
=020  \\$a9783957556158
=100  \\$aHammerschmidt, Andreas$c1611-1675$4cmp$1http://www.wikidata.org/entity/Q497864$97242
=245  \\$aMusicalischer Andachten Dritter Theil
=260  \\$c2016
=942  \\$cSCO
=952  \\$00$10$40$70$8SCO$97894$aORPH$bORPH$cKTS1_P$d2021-01-12$l0$p20121870$r2021-01-12 00:00:00$w2021-01-12$ySCO$OW.2739-3
=999  \\$c7897$d7897

