=LDR  01215aaa a2200241   4500
=001  7899
=008  250407s1952\\\\|||o||||\||||\00|\0\ger\d
=041  \\$ager
=100  \\$aHammerstein, Reinhold$910863$4aut
=245  \\$aDie Musik am Freiburger Münster.$bEin Beitrag zur musikalischen Ikonographie
=260  \\$c1952$aTrossingen$bVerlag für Musikwissenschaft
=300  \\$a20 pages
=490  \\$aHohner-Stiftung Trossingen - Archiv für Musikwissenschaft$v9. Jahrgang 3/4
=610  \0$aFreiburger Münster (Germany)$1http://www.wikidata.org/entity/Q250212$923891
=650  \0$aIconography$1http://www.wikidata.org/entity/Q208145$921259
=650  \0$aMusic history$1http://www.wikidata.org/entity/Q846047$921373
=650  \0$aChurch$1http://www.wikidata.org/entity/Q16970$93776
=650  \0$aArchitecture$1http://www.wikidata.org/entity/Q12271$93185
=650  \0$aInterior design$1http://www.wikidata.org/entity/Q179232$921367
=651  \0$aFreiburg im Breisgau (Germany)$1http://www.wikidata.org/entity/Q2833$924418
=942  \\$cCHA
=952  \\$00$10$2ddc$40$6TOP_DE_FRE1$70$8TOP$97896$aORPH$bORPH$cKTS0$d2021-01-12$eKoopman$i46D04$l0$oTOP DE.FRE1$p20127703$r2021-01-12 00:00:00$w2021-01-12$yCHA$OKoopman
=999  \\$d7899

