=LDR  00761cam a2200217   4500
=001  7903
=005  20250120120208.0
=008  701026s1970\\\\enkcf\\\\b\\\\001\0aeng\\
=015  \\$aB70-17047
=020  \\$a0575005033
=040  \\$aOI
=100  \\$aHammond, Joan$d1912-1996$4aut$911379
=245  12$aA voice, a life:$bautobiography.
=260  \\$aLondon,$bGollancz,$c1970.
=300  \\$a264 p., 24 plates.$bports.$c23 cm.
=504  \\$a"Discography": p. [249]-256.
=600  \0$aHammond, Joan$d1912-1996$911379
=650  \0$aSinger$1http://www.wikidata.org/entity/Q177220$93915
=942  \\$cBOO
=952  \\$00$10$2ddc$40$6BIO_HAMM_A$70$8BIO$97900$aORPH$bORPH$cKTS1_P$d2021-01-12$l0$oBIO HAMM a$p20130036$r2021-01-12 00:00:00$w2021-01-12$yBOO$OThwaites
=999  \\$c7903$d7903

