=LDR  00376    a2200097   4500
=001  7906
=100  \\$aHandel, George Frideric$d1685-1759$4aut$1http://www.wikidata.org/entity/Q7302$94765
=245  \\$a60 Handel overtures arranged for solo keyboard
=942  \\$cBOO
=952  \\$00$10$2ddc$40$70$8SCO$97903$aORPH$bORPH$cKTS1_P$d2021-01-12$p20130004$r2021-01-12 00:00:00$w2021-01-12$ySCO
=999  \\$c7906$d7906

