=LDR  00412    a2200121   4500
=001  7963
=020  \\$a418515C1163
=100  \\$aHandel, George Frideric$d1685-1759$4cmp$1http://www.wikidata.org/entity/Q7302$94765
=245  \\$aDas Alexander-Fest
=260  \\$c1962
=942  \\$cSCO
=952  \\$00$10$40$70$8SCO$97959$aORPH$bORPH$cKTS1_P$d2021-01-12$l0$p20121600$r2021-01-12 00:00:00$w2021-01-12$ySCO$OW.0946-X:28:1:3
=999  \\$c7963$d7963

