=LDR  00394    a2200109   4500
=001  7966
=100  \\$aHandel, George Frideric$d1685-1759$4cmp$1http://www.wikidata.org/entity/Q7302$94765
=245  \\$aPasion nach Berthold Heinrich Bro
=260  \\$c1965
=942  \\$cSCO
=952  \\$00$10$40$70$8SCO$97962$aORPH$bORPH$cKTS1_P$d2021-01-12$l0$p20124009$r2021-01-12 00:00:00$w2021-01-12$ySCO$OW.1032-I:7
=999  \\$c7966$d7966

