=LDR  00386    a2200109   4500
=001  7969
=100  \\$aHandel, George Frideric$d1685-1759$4cmp$1http://www.wikidata.org/entity/Q7302$94765
=245  \\$aAnthems für Cannons II
=260  \\$c1987
=942  \\$cSCO
=952  \\$00$10$40$70$8SCO$97965$aORPH$bORPH$cKTS1_P$d2021-01-12$l0$p20124013$r2021-01-12 00:00:00$w2021-01-12$ySCO$OW.1032-III:5
=999  \\$c7969$d7969

