=LDR  00372    a2200109   4500
=001  7973
=100  \\$aHandel, George Frideric$d1685-1759$4cmp$1http://www.wikidata.org/entity/Q7302$94765
=245  \\$aConcerto a due cori
=260  \\$c1983
=942  \\$cSCO
=952  \\$00$10$40$70$8SCO$97969$aORPH$bORPH$cKTS1_P$d2021-01-12$l0$r2021-01-12 00:00:00$w2021-01-12$ySCO$OW.1032-IV:16
=999  \\$c7973$d7973

