=LDR  00413    a2200121   4500
=001  7979
=020  \\$a9790004210659
=100  \\$aHandel, George Frideric$d1685-1759$4cmp$1http://www.wikidata.org/entity/Q7302$94765
=245  \\$aOrgelconcert HWV.304
=260  \\$c1999
=942  \\$cSCO
=952  \\$00$10$40$70$8SCO$97975$aORPH$bORPH$cKTS1_P$d2021-01-12$l0$p20121862$r2021-01-12 00:00:00$w2021-01-12$ySCO$OW.1032-IV.15
=999  \\$c7979$d7979

