=LDR  00414    a2200121   4500
=001  7980
=020  \\$a9790004211359
=100  \\$aHandel, George Frideric$d1685-1759$4cmp$1http://www.wikidata.org/entity/Q7302$94765
=245  \\$aOrgelconcert HWV.305a
=260  \\$c2004
=942  \\$cSCO
=952  \\$00$10$40$70$8SCO$97976$aORPH$bORPH$cKTS1_P$d2021-01-12$l0$p20121861$r2021-01-12 00:00:00$w2021-01-12$ySCO$OW.1032-IV.16
=999  \\$c7980$d7980

