=LDR  00384    a2200109   4500
=001  7987
=100  \\$aHandel, George Frideric$d1685-1759$4cmp$1http://www.wikidata.org/entity/Q7302$94765
=245  \\$aOrgelconcert HWV.309
=260  \\$c1993
=942  \\$cSCO
=952  \\$00$10$40$70$8SCO$97983$aORPH$bORPH$cKTS1_P$d2021-01-12$l0$p20121859$r2021-01-12 00:00:00$w2021-01-12$ySCO$OW.1032-IV.7.4
=999  \\$c7987$d7987

