=LDR  00365    a2200109   4500
=001  7991
=100  \\$aHandel, George Frideric$d1685-1759$4cmp$1http://www.wikidata.org/entity/Q7302$94765
=245  \\$aTheodora
=260  \\$c1860
=942  \\$cSCO
=952  \\$00$10$40$70$8SCO$97987$aORPH$bORPH$cKTS1_P$d2021-01-12$l0$p20123872$r2021-01-12 00:00:00$w2021-01-12$ySCO$OW.1643
=999  \\$c7991$d7991

