=LDR  01021aam a2200217   4500
=001  7995
=008  250424s1979\\\\|||oafg|\b|||\00|\0dger\d
=041  \\$ager
=100  \\$aHanke, Wolfgang$d1930-2014$1http://www.wikidata.org/entity/Q113807195$911384$4aut
=245  \\$aDie Thomaner
=260  \\$c1979$aBerlin$bUnion
=300  \\$a300 pages$e2 LP's
=610  20$aThomanerchor Leipzig (Germany)$1http://www.wikidata.org/entity/Q699313$926243
=610  \0$aThomasschule (Leipzig, Germany)$1http://www.wikidata.org/entity/Q699668$91465
=650  \0$aBoys' Choir$1http://www.wikidata.org/entity/Q1776834$940080
=650  \0$aMusic history$1http://www.wikidata.org/entity/Q846047$921373
=650  \0$aMusic education$1http://www.wikidata.org/entity/Q27908$921766
=651  \0$aLeipzig (Germany)$1http://www.wikidata.org/entity/Q2079$945
=942  \\$cBOO
=952  \\$00$10$2ddc$40$6TOP_DE_LEI$70$8TOP$97991$aORPH$bORPH$cKTS0$d2021-01-12$eKoopman$i19A1$l0$oTOP DE.LEI$p20125176$r2021-01-12 00:00:00$w2021-01-12$yBOO$OKoopman
=999  \\$d7995

