=LDR  00934cam a2200229 a 4500
=001  7998
=005  20250120120236.0
=008  021011s2002\\\\ne\a\\\\\b\\\\001\0\dut\\
=020  \\$a9075697627
=040  \\$aOI
=100  \\$aHanou, André$911387
=245  10$aNederlandse literatuur van de Verlichting (1670-1830) /$cAndré Hanou.
=260  \\$a[Nijmegen] :$bVantilt,$cc2002.
=300  \\$a287 p. :$bill. ;$c22 cm.
=504  \\$aIncludes bibliographical references (p. 249-256) and index.
=650  \0$aLiterature$1http://www.wikidata.org/entity/Q8242$94439
=650  \0$aLiterature$1http://www.wikidata.org/entity/Q8242$94439
=942  \\$cBOO
=952  \\$00$10$40$70$97994$aORPH$bORPH$cLOC_UNK$d2021-01-12$l0$p20122687$r2021-01-12 00:00:00$w2021-01-12$yTYPE_UNK$OKoopman
=999  \\$c7998$d7998
=648  \0$a19th Century (1801-1900)$1http://www.wikidata.org/entity/Q6955$920935
=651  \0$aNetherlands$1http://www.wikidata.org/entity/Q55$9173

