=LDR  00960aam a2200205   4500
=001  8005
=005  20251003085457.0
=008  221121s1971\\\\||||||||\c|||\00|\0\eng\d
=041  \\$aeng
=100  1\$aHarding, Rosamond E. M.$d1898-1982$4aut$940887
=245  \\$aA Thematic Catalogue of the Works of Matthew Locke with a Calendar of the Main Events of his Life
=260  \\$aLondon$c1971
=600  \0$aLocke, Matthew$d1621-1677$1http://www.wikidata.org/entity/Q947941$912448
=648  \0$a17th Century (1601-1700)$1http://www.wikidata.org/entity/Q7016$920923
=650  \0$aComposer$1http://www.wikidata.org/entity/Q36834$93625
=650  \0$aCatalogue$1http://www.wikidata.org/entity/Q2352616$921484
=651  \0$aUnited Kingdom$1http://www.wikidata.org/entity/Q21$9273
=942  \\$cBOO
=952  \\$00$10$2ddc$40$6BIO_LOCK1_C$70$8BIO$98001$aORPH$bORPH$cKTS1_P$d2022-07-08$eKoopman$i32F19$l0$oBIO LOCK1 c$p20123082$r2021-01-12 00:00:00$w2021-01-12$yBOO$OKoopman
=999  \\$d8005

