=LDR  01192cam a22002774a 4500
=001  8017
=005  20250120120027.0
=008  990510s1999\\\\enka\\\\\b\\\\001\0beng\\
=020  \\$a184014209X (hbk.)
=040  \\$aOI
=041  \\$aeng
=100  \\$aHarley, John$d-1928$4aut$911402
=245  10$aOrlando Gibbons and the Gibbons Family of Musicians
=260  \\$aAldershot$aBrookfield, VT$bAshgate$c1999
=300  \\$ax, 341 p. :$bill. ;$c24 cm.
=504  \\$a"List of Orlando Gibbons's works": p. [290]-301.
=504  \\$a"List of Christopher Gibbons's works": p. [302]-307.
=504  \\$aIncludes bibliographical references (p. [308]-324) and indexes.
=600  \0$aGibbons, Orlando$d1583-1625$911403
=610  \0$aGibbons family$1http://www.wikidata.org/entity/Q1522852$922332
=650  \0$aMusic history$1http://www.wikidata.org/entity/Q846047$921373
=650  \0$aBiography$1http://www.wikidata.org/entity/Q36279$91927
=651  \0$aUnited Kingdom$1http://www.wikidata.org/entity/Q21$9273
=942  \\$cBOO
=952  \\$00$10$2ddc$40$6BIO_GIBB_D$70$8BIO$98013$aORPH$bORPH$cKTS1_P$d2021-07-08$eKoopman$i38A04$l0$oBIO GIBB d$p20122446$r2021-01-12 00:00:00$w2021-01-12$yBOO
=999  \\$c8017$d8017

