=LDR  01209aaa a2200241   4500
=001  8029
=008  250604s1953\\\\|||a||||\||||\00|\0\eng\d
=041  \\$aeng
=100  \\$aHarrison, Frank Llewellyn$911415
=245  \\$aThe Eton Choirbook : $bit's background and contents (Eton College Library ms. 178)
=260  \\$c1953$aParis$bSociété de Musique d'Autrefois
=300  \\$a28 pages$bp. 151-175
=490  \\$aAnnales Musicologiques $v1
=590  \\$aExtrait des Annales Musicologiques, Tome I
=610  \0$aEton College (Windsor, United Kingdom)$1http://www.wikidata.org/entity/Q192088$940312
=648  \0$a15th Century (1401-1500)$1http://www.wikidata.org/entity/Q7018$921015
=650  \0$aVocal music$1http://www.wikidata.org/entity/Q685884$93319
=650  \0$aManuscript$1http://www.wikidata.org/entity/Q87167$92275
=650  \0$aChoir$1http://www.wikidata.org/entity/Q131186$93338
=651  \0$aUnited Kingdom$1http://www.wikidata.org/entity/Q21$1http://www.wikidata.org/entity/Q145$9273
=942  \\$cBOO
=952  \\$00$10$2ddc$40$6BIB_4_000000000000000_GB_WIN$70$8BIB$98025$aORPH$bORPH$cKTS0$d2021-01-12$eKoopman$i34E02$l0$oBIB4 GB.WIN$p20120825$r2021-01-12 00:00:00$w2021-01-12$yBOO$OKoopman
=999  \\$d8029

