=LDR  00327    a2200109   4500
=001  8041
=100  \\$aHartong, G. T.$911424
=245  \\$aOverijssel in proza en poëzie
=260  \\$c1983
=942  \\$cBOO
=952  \\$00$10$40$70$98037$aORPH$bORPH$cLOC_UNK$d2021-01-12$l0$p20120647$r2021-01-12 00:00:00$w2021-01-12$yTYPE_UNK$OKoopman
=999  \\$c8041$d8041

