=LDR  01368cam a2200277 i 4500
=001  8046
=005  20251028162513.0
=008  800305s1980\\\\ctuaf\\\\b\\\\001\0deng\\
=041  \\$aeng
=100  \\$aHaskell, Francis$d1928-2000$4aut$1http://www.wikidata.org/entity/Q320477$911429
=245  10$aPatrons and Painters:$bA Study in the Relations Between Italian Art and Society in the Age of the Baroque
=250  \\$aRev. and enl. ed.
=260  \\$aNew Haven, CT$bYale University Press$c1980
=300  \\$axviii-474 pages-[34] leaves of plates
=504  \\$aBibliography: p. [411]-441.
=648  \0$a17th Century (1601-1700)$1http://www.wikidata.org/entity/Q7016$920923
=648  \0$a18th Century (1701-1800)$1http://www.wikidata.org/entity/Q7015$920899
=650  \0$aFine art$1http://www.wikidata.org/entity/Q219625$921579
=650  \0$aSociology$1http://www.wikidata.org/entity/Q21201$924938
=650  \0$aBaroque$1http://www.wikidata.org/entity/Q37853$921255
=650  \0$aPatronage$1http://www.wikidata.org/entity/Q214092$94245
=650  \0$aCultural history$1http://www.wikidata.org/entity/Q858517$922395
=651  \0$aItaly$1http://www.wikidata.org/entity/Q38$922
=942  \\$cBOO
=952  \\$00$10$2ddc$40$6TOP_IT_5_000000000000000$70$8TOP$98042$aORPH$bORPH$cKTS0$d2020-07-09$eKoopman$i18D32$oTOP IT 5$p20125041$r2021-01-12 00:00:00$w2021-01-12$yBOO
=999  \\$d8046

