=LDR  00586    a2200181   4500
=001  8050
=003  OSt
=005  20230123091938.0
=008  210209b\\\\\\\\\\\|||||\||||\00|\0\eng\d
=040  \\$cST
=041  \\$adut
=100  \\$aHasper, H.$4aut$911433
=245  \\$aCalvijns beginsel voor den zang in den eredienst.$bDeel 1
=260  \\$c1955$aThe Hague$bMartinus Nijhoff
=300  \\$a774 pages
=942  \\$cBOO$2ddc
=952  \\$00$10$2ddc$40$6GEN_3_000000000000000$70$8GEN$98046$aORPH$bORPH$cKM12_1$d2021-01-12$eKoopman$l0$oGEN 3$p20122940$r2021-01-12 00:00:00$w2021-01-12$yBOO
=999  \\$c8050$d8050

