=LDR  01223ncm a2200301 a 4500
=001  8056
=005  20250121142123.0
=008  930224s1992\\\\gw\opa\\\behi\\n\\\\ita\d
=010  \\$a   97700359 
=020  \\$a3890071627
=035  \\$a(OCoLC)27566934 
=040  \\$aNcU$cNcU$dDLC
=041  0\$aita$geng
=042  \\$alccopycat
=045  1\$bd1728$bd1729$bd1730
=100  \\$aHasse, Johann Adolf$d1699-1783$4cmp$1http://www.wikidata.org/entity/Q164732$94966
=245  00$aThree Intermezzi, 1728, 1729 and 1730
=260  \\$aLaaber$bLaaber-Verlag$c1992
=300  \\$a1 score (xviii p., [4] p. of plates, 408 p.) :$bfacsims. ;$c33 cm.
=490  1\$aConcentus musicus$v9
=504  \\$aIncludes bibliographical references.
=505  0\$aLa contadina : Scintilla e Tabarano : 1728 -- La serva scaltra : Dorilla e Balanzone : 1729 -- Il tutore : Lucilla e Pandolfo : 1730.
=648  \0$a18th Century (1701-1800)$1http://www.wikidata.org/entity/Q7015$920899
=650  \0$aOpera$1http://www.wikidata.org/entity/Q1344$92468
=700  \\$aLazarevich, Gordana$4edt$911437
=942  \\$cSCO
=952  \\$00$10$40$70$8SCO$98052$aORPH$bORPH$cKTS1_P$d2021-01-12$l0$p20121759$r2021-01-12 00:00:00$w2021-01-12$ySCO$OW.1237-IX
=999  \\$d8056

