=LDR  00379    a2200109   4500
=001  8058
=100  \\$aHasse, Johann Adolf$d1699-1783$4cmp$1http://www.wikidata.org/entity/Q164732$94966
=245  \\$aSonate D-Dur für Flöte und Basso
=260  \\$c1976
=942  \\$cSCO
=952  \\$00$10$40$70$8SCO$98054$aORPH$bORPH$cKTS1_P$d2021-01-12$l0$r2021-01-12 00:00:00$w2021-01-12$ySCO$OW.2506
=999  \\$c8058$d8058

