=LDR  00355    a2200121   4500
=001  8059
=020  \\$aM000001039
=100  \\$aHasse, P.$4cmp$911441
=245  \\$aVokalkompositionen; Missa 7 vocum
=260  \\$c2004
=942  \\$cSCO
=952  \\$00$10$40$70$8SCO$98055$aORPH$bORPH$cKTS1_P$d2021-01-12$l0$p20124289$r2021-01-12 00:00:00$w2021-01-12$ySCO$OW.2088
=999  \\$c8059$d8059

