=LDR  00387    a2200109   4500
=001  8061
=100  \\$aHaßler, Hans Leo$d1564-1612$4cmp$1http://www.wikidata.org/entity/Q164882$96033
=245  \\$aVokalwerke aus zeitgenössischen D
=260  \\$c1976
=942  \\$cSCO
=952  \\$00$10$40$70$8SCO$98057$aORPH$bORPH$cKTS1_P$d2021-01-12$l0$p20124060$r2021-01-12 00:00:00$w2021-01-12$ySCO$OW.1375
=999  \\$c8061$d8061

