=LDR  00869aam a2200205   4500
=001  8072
=005  20251023095941.0
=008  251023s1877\\\\||||||||\c|||\00|\0\fre\d
=041  \\$afre
=100  \\$aHavard, H.$911452$4aut
=245  \\$aCatalogue chronologique et raisonné des faiences de Delft composant la collection de Mr. John F. Loudon
=260  \\$aThe Hague$bThieme$c1877
=650  \0$aPorcelain$1http://www.wikidata.org/entity/Q130693$924926
=650  \0$aCatalogue$1http://www.wikidata.org/entity/Q2352616$1http://www.wikidata.org/entity/Q6941730$921484
=651  \0$aDelft (Netherlands)$1http://www.wikidata.org/entity/Q690$922800
=700  \\$aLoudon, John F.$4col$941649
=700  \\$aFlameng, L.$4ill$941650
=942  \\$cBOO
=952  \\$00$10$40$70$98068$aORPH$bORPH$cLOC_UNK$d2021-01-12$l0$p20129284$r2021-01-12 00:00:00$w2021-01-12$yTYPE_UNK$OKoopman
=999  \\$d8072

