=LDR  01367cam a2200325 a 4500
=001  8074
=005  20250121142123.0
=008  090413s2008\\\\ne\a\\\\\b\\\\000\0\dut\d
=010  \\$a  2009422464
=020  \\$a9789057305337
=020  \\$a905730533X
=035  \\$a(OCoLC)ocn310805718
=040  \\$aCUY$beng$cCUY$dDLC
=041  0\$adut$bger$beng
=042  \\$alccopycat
=043  \\$ae-gx---$ae-ne---
=100  1\$aHaven, Kornee van der.
=245  10$aAchter de schermen van het stadstoneel :$btheaterbedrijf en toneelpolemiek in Amsterdam en Hamburg 1675-1750 /$cKornee van der Haven.
=260  \\$aZutphen :$bWalburg Pers,$cc2008.
=300  \\$a303 p. :$bill. ;$c24 cm.
=546  \\$aSummaries in German and English.
=504  \\$aIncludes bibliographical references (p. 262-280) and index.
=650  \0$aTheater$zGermany$zHamburg$xHistory$y18th century.
=650  \0$aTheater$zNetherlands$zAmsterdam$xHistory$y18th century.
=651  \0$aGermany$xCivilization$y18th century.$1http://www.wikidata.org/entity/Q183$9155
=651  \0$aGermany$xCivilization$y18th century.$1http://www.wikidata.org/entity/Q183$9155
=952  \\$00$10$40$70$98070$aORPH$bORPH$cLOC_UNK$d2021-01-12$l0$p20122116$r2021-01-12 00:00:00$w2021-01-12$yTYPE_UNK$OKoopman
=999  \\$c8074$d8074
=648  \0$a18th Century (1701-1800)$1http://www.wikidata.org/entity/Q7015$920899
=942  \\$cBOO

