=LDR  00312    a2200109   4500
=001  8075
=020  \\$a9789066304260
=100  \\$aHaverkate, J.$911455
=245  \\$aTwickel
=942  \\$cBOO
=952  \\$00$10$40$70$98071$aORPH$bORPH$cLOC_UNK$d2021-01-12$l0$p20127803$r2021-01-12 00:00:00$w2021-01-12$yTYPE_UNK$OKoopman
=999  \\$c8075$d8075

