=LDR  01454acm a2200265   4500
=001  8080
=005  20251028170638.0
=008  230329s1972\\\\|||||l||\||||\00|\0\mul\d
=041  \\$ager$afre$aeng
=059  \\$apf
=100  \\$aHaydn, Joseph$d1732-1809$4cmp$1http://www.wikidata.org/entity/Q7349$94783
=245  \\$aSämtliche Klaviersonaten
=260  \\$aGermany$bG. Henle Verlag$c1972
=300  \\$a2 vols. (190-186)
=505  \\$gBand 1: Hob.XVI:1-10; Hob.XVI:12-14; Hob.XVI:16; Hob.XVI:19; Hob.XVI:g1; Hob.XVII:d1; Hob.XVI:45; Hob.XVI:47$gBand 2: Hob.XVI:20-32; Hob.XVI:35-39
=648  \0$a18th Century (1701-1800)$1http://www.wikidata.org/entity/Q7015$920899
=650  \0$aKeyboard music$1http://www.wikidata.org/entity/Q105715630$921412
=650  \0$aSonata$1http://www.wikidata.org/entity/Q131269$921653
=650  \0$aPiano$1http://www.wikidata.org/entity/Q5994$1http://www.wikidata.org/entity/Q1521313$92127
=700  \\$4edt$914931$aFeder, Georg
=700  \\$4edt$aTheopold, Hans-Martin $d1904-2000$1http://www.wikidata.org/entity/Q18790586$921946
=942  \\$cSCO
=952  \\$00$10$2ddc$3Band 1$40$6SCO_HAYD$70$8SCO$98075$aORPH$bORPH$cKTS1_P$d2020-09-25$eExlibris Ton Koopman$iWG.0109-1$l0$oSCO HAYD$p20121715$r2021-01-12 00:00:00$w2021-01-12$ySCO
=952  \\$00$10$2ddc$3Band 2$40$6SCO_HAYD$70$8SCO$98076$aORPH$bORPH$cKTS1_P$d2020-09-25$eExlibris Ton Koopman$iWG.0109-2$l0$oSCO HAYD$p20121714$r2021-01-12 00:00:00$w2021-01-12$ySCO
=999  \\$d8080

