=LDR  00377    a2200109   4500
=001  8083
=100  \\$aHaydn, Joseph$d1732-1809$4cmp$1http://www.wikidata.org/entity/Q7349$94783
=245  \\$aPariser Sinfonien 1.Folge
=260  \\$c1971
=942  \\$cSCO
=952  \\$00$10$40$70$8SCO$98078$aORPH$bORPH$cKTS1_P$d2021-01-12$l0$p20123910$r2021-01-12 00:00:00$w2021-01-12$ySCO$OW.0965-I:12
=999  \\$c8083$d8083

