=LDR  00374    a2200109   4500
=001  8088
=100  \\$aHaydn, Joseph$d1732-1809$4cmp$1http://www.wikidata.org/entity/Q7349$94783
=245  \\$aSinfonien 1764 und 1765
=260  \\$c1964
=942  \\$cSCO
=952  \\$00$10$40$70$8SCO$98083$aORPH$bORPH$cKTS1_P$d2021-01-12$l0$p20123916$r2021-01-12 00:00:00$w2021-01-12$ySCO$OW.0965-I:4
=999  \\$c8088$d8088

