=LDR  00404    a2200121   4500
=001  8090
=020  \\$a9790201850443
=100  \\$aHaydn, Joseph$d1732-1809$4cmp$1http://www.wikidata.org/entity/Q7349$94783
=245  \\$aSinfonien um 1770-1774
=260  \\$c2013
=942  \\$cSCO
=952  \\$00$10$40$70$8SCO$98085$aORPH$bORPH$cKTS1_P$d2021-01-12$l0$p20123914$r2021-01-12 00:00:00$w2021-01-12$ySCO$OW.0965-I:5b
=999  \\$c8090$d8090

