=LDR  00374    a2200109   4500
=001  8092
=100  \\$aHaydn, Joseph$d1732-1809$4cmp$1http://www.wikidata.org/entity/Q7349$94783
=245  \\$aSinfonien 1773 und 1774
=260  \\$c1966
=942  \\$cSCO
=952  \\$00$10$40$70$8SCO$98087$aORPH$bORPH$cKTS1_P$d2021-01-12$l0$p20123912$r2021-01-12 00:00:00$w2021-01-12$ySCO$OW.0965-I:7
=999  \\$c8092$d8092

