=LDR  00371    a2200109   4500
=001  8093
=100  \\$aHaydn, Joseph$d1732-1809$4cmp$1http://www.wikidata.org/entity/Q7349$94783
=245  \\$aSinfonien um 1775/76
=260  \\$c1970
=942  \\$cSCO
=952  \\$00$10$40$70$8SCO$98088$aORPH$bORPH$cKTS1_P$d2021-01-12$l0$p20123911$r2021-01-12 00:00:00$w2021-01-12$ySCO$OW.0965-I:8
=999  \\$c8093$d8093

