=LDR  00394    a2200109   4500
=001  8098
=100  \\$aHaydn, Joseph$d1732-1809$4cmp$1http://www.wikidata.org/entity/Q7349$94783
=245  \\$aLieder für eine Singstimme mit Begleitu
=260  \\$c1960
=942  \\$cSCO
=952  \\$00$10$40$70$8SCO$98093$aORPH$bORPH$cKTS1_P$d2021-01-12$l0$p20123920$r2021-01-12 00:00:00$w2021-01-12$ySCO$OW.0965-XXIX-1
=999  \\$c8098$d8098

