=LDR  00384    a2200109   4500
=001  8102
=100  \\$aHaydn, Joseph$d1732-1809$4cmp$1http://www.wikidata.org/entity/Q7349$94783
=245  \\$aArien und Szenen mit Orchester
=260  \\$c2000
=942  \\$cSCO
=952  \\$00$10$40$70$8SCO$98097$aORPH$bORPH$cKTS1_P$d2021-01-12$l0$p20123924$r2021-01-12 00:00:00$w2021-01-12$ySCO$OW.0965-XXVI-1
=999  \\$c8102$d8102

