=LDR  00376    a2200109   4500
=001  8108
=100  \\$aHaydn, Joseph$d1732-1809$4cmp$1http://www.wikidata.org/entity/Q7349$94783
=245  \\$aDivertimento a 9, Hob.II:9
=260  \\$c1995
=942  \\$cSCO
=952  \\$00$10$40$70$8SCO$98103$aORPH$bORPH$cKTS1_P$d2021-01-12$l0$p20124063$r2021-01-12 00:00:00$w2021-01-12$ySCO$OW.1335 (2
=999  \\$c8108$d8108

