=LDR  00387    a2200121   4500
=001  8109
=020  \\$a3901353127
=100  \\$aHaydn, Michael$d1737-1806$4cmp$1http://www.wikidata.org/entity/Q490381$910333
=245  \\$aDer Traum
=260  \\$c1996
=942  \\$cSCO
=952  \\$00$10$40$70$8SCO$98104$aORPH$bORPH$cKTS1_P$d2021-01-12$l0$p20124314$r2021-01-12 00:00:00$w2021-01-12$ySCO$OW.1791
=999  \\$c8109$d8109

