=LDR  00373    a2200109   4500
=001  8110
=100  \\$aHaydn, Michael$d1737-1806$4cmp$1http://www.wikidata.org/entity/Q490381$910333
=245  \\$aInstrumentalwerke I
=260  \\$c1959
=942  \\$cSCO
=952  \\$00$10$40$70$8SCO$98105$aORPH$bORPH$cKTS1_P$d2021-01-12$l0$p20121812$r2021-01-12 00:00:00$w2021-01-12$ySCO$OW.1030-29
=999  \\$c8110$d8110

