=LDR  00560    a2200145   4500
=001  8115
=020  \\$a0612085198
=041  \\$aeng
=100  \\$aHaynes, Bruce$d1942-2011$1http://www.wikidata.org/entity/Q4977636$911462
=245  \\$aPitch Standards in the Baroque and Classical Periods
=260  \\$c1997$aAnn Arbor$bUMI Dissertation Services
=300  \\$a644 pages
=942  \\$cDIS$2ddc
=952  \\$00$10$2ddc$40$6MTP_2_000000000000000_HAYN$70$8MTP$98110$aORPH$bORPH$cKM12_1$d2021-01-12$eKoopman$l0$oMTP 2 HAYN$p20128341$r2021-01-12 00:00:00$w2021-01-12$yDIS
=999  \\$c8115$d8115

