=LDR  01298cam a2200265   4500
=001  8121
=005  20250603125042.0
=008  700305s1969\\\\cauabfh\\bc\\\001\0beng\\
=020  \\$a0520015630
=040  \\$aOI
=041  \\$aeng
=100  \\$aHeartz, Daniel$d1928-2019$1http://www.wikidata.org/entity/Q5217453$918794
=245  10$aPierre Attaingnant, Royal Printer of Music : $bA Historical Study and Bibliographical Catalogue
=260  \\$aBerkeley$bUniversity of California Press$c1969
=300  \\$axix-451 pages$billus., facsims., geneal. table, map, plates (1 col.).$c29 cm
=504  \\$a"Bibliographical catalogue" contains a listing of 174 items printed by Attaingnant.
=504  \\$aIncludes bibliographical references.
=600  \0$aAttaingnant, Pierre$d1494-1552$911467
=648  \0$a16th Century (1501-1600)$1http://www.wikidata.org/entity/Q7017$920944
=650  \0$aMusic printing$1http://www.wikidata.org/entity/Q64416036$94007
=650  \0$aMusic publishing company$1http://www.wikidata.org/entity/Q1917775$927716
=651  \0$aFrance$1http://www.wikidata.org/entity/Q142$9131
=942  \\$cBOO
=952  \\$00$10$2ddc$40$6BIB_4_000000000000000_FR_ATTA$70$8BIB$98116$aORPH$bORPH$cKTS0$d2021-01-12$eKoopman$i22A11$l0$oBIB4 FR ATTA$p20125622$r2021-01-12 00:00:00$yBOO$OKoopman
=999  \\$d8121

