=LDR  00989nam a2200241 a 4500
=001  8126
=005  20250120115850.0
=008  880628s1988\\\\ne\a\\\\\b\\\\001\0\dut\\
=020  \\$a9062752454 :
=040  \\$aOI
=041  \\$adut
=100  \\$aHeesters, J. H. P.$4aut$911472
=245  10$aVier eeuwen behang:$bde geschiedenis van de wandbespanning in Nederland
=260  \\$aDelft$bDelftse Universitaire Pers$c1988
=300  \\$a188 p. :$bill. (some col.) ;$c28 cm.
=504  \\$aBibliography: p. 179.
=650  \0$aInterior design$1http://www.wikidata.org/entity/Q179232$921367
=650  \0$aApplied arts$1http://www.wikidata.org/entity/Q2865882$921627
=651  \0$aNetherlands$1http://www.wikidata.org/entity/Q55$9173
=942  \\$cBOO
=952  \\$00$10$2ddc$40$6TOP_NL$70$8TOP$98121$aORPH$bORPH$cKTS0$d2021-01-12$eKoopman$i31B10$l0$oTOP NL$p20121123$r2021-01-12 00:00:00$w2021-01-12$yBOO
=999  \\$c8126$d8126
=648  \0$a17th Century (1601-1700)$1http://www.wikidata.org/entity/Q7016$920923

