=LDR  01327pam a2200253 a 4500
=001  8127
=005  20250120120041.0
=008  920313s1993\\\\nyua\\\\\b\\\\001\0\eng\\
=020  \\$a0028710355 (alk. paper)
=040  \\$aOI
=100  \\$aHefling, Stephen E.$911473
=245  10$aRhythmic alteration in seventeenth- and eighteenth-century music :$bnotes inégales and overdotting /$cStephen E. Hefling.
=260  \\$aNew York :$bSchirmer Books ;$aToronto :$bMaxwell Macmillan Canada ;$aNew York :$bMaxwell Macmillan International,$cc1993.
=300  \\$axvi, 232 p. :$bill. ;$c24 cm.
=504  \\$aIncludes bibliographical references (p. 201-223) and index.
=650  \0$aNotes inégales$1http://www.wikidata.org/entity/Q241007$92720
=650  \0$aRhythm$1http://www.wikidata.org/entity/Q170406$92724
=650  \0$aHistorically informed performance$1http://www.wikidata.org/entity/Q1344860$920980
=650  \0$aHistorically informed performance$1http://www.wikidata.org/entity/Q1344860$920980
=740  0\$aRhythmic alteration in 17th- and 18th-century music.
=942  \\$cBOO
=952  \\$00$10$2ddc$40$6GHM_5_000000000000000$70$8GHM$98122$aORPH$bORPH$cKM12_1$d2021-01-12$l0$oGHM 5$p20128624$r2021-01-12 00:00:00$w2021-01-12$yBOO
=999  \\$c8127$d8127
=648  \0$a17th Century (1601-1700)$1http://www.wikidata.org/entity/Q7016$920923

