=LDR  01623nam a2200337 a 4500
=001  8128
=005  20250925143258.0
=008  981001s1998\\\\gw\a\\\\\bc\\\001\0\ger\c
=020  \\$a3777478407
=040  \\$aOI
=041  \\$ager
=100  \\$aHeiden, Rüdiger an der$4col$925000
=245  14$aDie Alte Pinakothek:$bSammlungsgeschichte, Bau und Bilder
=260  \\$aMunich$bHirmer$c1998
=300  \\$a576 pages$billustrations (some color)$c31 cm
=504  \\$aIncludes bibliographical references and index.
=610  \0$aAlte Pinakothek (Munich, Germany)$1http://www.wikidata.org/entity/Q154568$923726
=610  \0$aHouse of Wittelsbach$1http://www.wikidata.org/entity/Q131621$923667
=648  \0$a16th Century (1501-1600)$1http://www.wikidata.org/entity/Q7017$920944
=648  \0$a17th Century (1601-1700)$1http://www.wikidata.org/entity/Q7016$920923
=648  \0$a18th Century (1701-1800)$1http://www.wikidata.org/entity/Q7015$920899
=648  \0$a19th Century (1801-1900)$1http://www.wikidata.org/entity/Q6955$920935
=648  \0$a20th Century (1901-2000)$1http://www.wikidata.org/entity/Q6927$920936
=650  \0$aMusic$92062
=650  \0$aXylophone$1http://www.wikidata.org/entity/Q165666$922451
=650  \0$aFine art$1http://www.wikidata.org/entity/Q219625$921579
=650  \0$aCollecting$1http://www.wikidata.org/entity/Q208165$92117
=651  \0$aMunich (Germany)$1http://www.wikidata.org/entity/Q1726$9268
=942  \\$cBOO
=952  \\$00$10$2ddc$40$6VIS_HEID$70$8VIS$98123$aORPH$bORPH$cKTS1_H$d2021-01-12$eKoopman$i29F04$l0$oVIS HEID$p20121278$r2021-01-12 00:00:00$w2021-01-12$yBOO$OKoopman
=999  \\$d8128

