=LDR  00474    a2200133   4500
=001  8130
=005  20250120115959.0
=041  \\$adut
=100  \\$aHeijden, Marcel van der$d1931-$4aut$1http://www.wikidata.org/entity/Q2236308$910337
=245  \\$aMadrigalia
=260  \\$c1960$aZwolle
=942  \\$cBOO$2ddc
=952  \\$00$10$2ddc$40$6GEN_11_000000000000000$70$8GEN$98125$aORPH$bORPH$cKM12_1$d2021-01-12$eKoopman$i21D34$l0$oGEN 11$p20128268$r2021-01-12 00:00:00$w2021-01-12$yBOO
=999  \\$c8130$d8130

