=LDR  01095aam a2200229   4500
=001  8132
=005  20251031150416.0
=008  250219s1988\\\\|||a||||\c|||\00|\0\ger\d
=041  \\$ager
=245  \\$aKostbarkeiten der Reichsstädtischen Bibliothek Lindau :$bHandschriften, Wiegendrucke, Erstausgaben und Buchillustrationen. 450 Jahre ehemals Reichsstädtische Bibliothek 1538-1988
=260  \\$c1988$aLindau$bKulturamt der Stadt Lindau
=300  \\$a129 pages$bill
=590  \\$aAusstellung 1. Juli - 28. August 1988
=610  \0$aReichstädtische Bibliothek Lindau (Germany)$939754
=650  \0$aLibrary$1http://www.wikidata.org/entity/Q7075$94229
=650  \0$aExhibition$1http://www.wikidata.org/entity/Q464980$925353
=651  \0$aLindau (Germany)$1http://www.wikidata.org/entity/Q153969$923940
=700  \\$aHeilmann, Angela$4aut$939752
=700  \\$aDobras, Werner$4aut$939753
=942  \\$cBOO
=952  \\$00$10$2ddc$40$6BIB_4_000000000000000_DE_LIN$70$8BIB$98127$aORPH$bORPH$cKTS0$d2021-01-12$eKoopman$i33B13$l0$oBIB4 DE.LIN$p20122768$r2021-01-12 00:00:00$w2021-01-12$yBOO$OKoopman
=999  \\$d8132

