=LDR  01111cam a2200289 i 4500
=001  8147
=005  20250120120109.0
=008  170825t20172017ne\a\\\\\b\\\\001\0\dut\\
=020  \\$a9789460043437 (paperback)
=020  \\$a9460043437 (paperback)
=040  \\$aOI$beng$erda
=041  0\$adut$beng
=100  \\$aHell, Maarten$d1970-$4aut$911494
=245  13$aDe Amsterdamse herberg 1450-1800 :$bgeestrijk centrum van het openbare leven /$cMaarten Hell.
=264  \1$aNijmegen :$bUitgeverij Vantilt,$c[2017]
=264  \4$c©2017
=300  \\$a487 pages :$billustrations (some color) ;$c23 cm
=336  \\$atext$btxt$2rdacontent
=337  \\$aunmediated$bn$2rdamedia
=338  \\$avolume$bnc$2rdacarrier
=504  \\$aIncludes bibliographical references (pages 445-472) and index.
=546  \\$aSummary in English.
=650  \0$aTavern$1http://www.wikidata.org/entity/Q154250$92908
=942  \\$cBOO
=952  \\$00$10$40$70$98142$aORPH$bORPH$cLOC_UNK$d2021-01-12$l0$p20123808$r2021-01-12 00:00:00$w2021-01-12$yTYPE_UNK$OKoopman
=999  \\$c8147$d8147
=651  \0$aNetherlands$1http://www.wikidata.org/entity/Q55$9173

