=LDR  00407    a2200121   4500
=001  8150
=020  \\$a9789070533554
=100  \\$aHellinck, Lupus$d1493-1541$4cmp$1http://www.wikidata.org/entity/Q765254$911499
=245  \\$aThree four-part Masses
=260  \\$c2016
=942  \\$cSCO
=952  \\$00$10$40$70$8SCO$98145$aORPH$bORPH$cKTS1_P$d2021-01-12$l0$p20124324$r2021-01-12 00:00:00$w2021-01-12$ySCO$OW.1789-IX
=999  \\$c8150$d8150

