=LDR  00731aam a2200193   4500
=001  8159
=008  230524s1966\\\\|||a||||\m|||\00|\0\dut\d
=041  \\$adut
=100  \\$aHelmer, G.$911509$4aut
=245  \\$aDen Gheestelijcken Nachtegaal:$bEen liedboek uit de zeventiende eeuw
=260  \\$c1966$aNijmegen$bJanssen
=300  \\$axii-176 pages
=500  \\$aDissertation
=648  \0$1http://www.wikidata.org/entity/Q7016$a17th Century (1601-1700)$920923
=650  \0$1http://www.wikidata.org/entity/Q7366$aSong$94164
=651  \0$1http://www.wikidata.org/entity/Q55$aNetherlands$9173
=942  \\$cBOO
=952  \\$00$10$2ddc$40$70$98154$aORPH$bORPH$cLOC_UNK$d2021-01-12$l0$p20127979$r2021-01-12 00:00:00$w2021-01-12$yBOO$OKoopman
=999  \\$d8159

