=LDR  00388    a2200121   4500
=001  8167
=020  \\$a9783476015020
=100  \\$aHenkel/Schöne$911516
=245  \\$aEmblemata: Handbuch zur Sinnbildkunst
=260  \\$c1996
=942  \\$cBOO
=952  \\$00$10$2ddc$40$6VIS_HENK$70$8VIS$98162$aORPH$bORPH$cKTS1_H$d2021-01-12$l0$oVIS HENK$p20129947$r2021-01-12 00:00:00$w2021-01-12$yBOO$OOrpheus
=999  \\$c8167$d8167

