=LDR  00349    a2200121   4500
=001  8188
=020  \\$a9080519448
=100  \\$aHermans, Jos. M. M.$911539
=245  \\$aDe Oudheid in Handen
=260  \\$c2002
=942  \\$cBOO
=952  \\$00$10$40$70$98182$aORPH$bORPH$cLOC_UNK$d2021-01-12$l0$p20121275$r2021-01-12 00:00:00$w2021-01-12$yTYPE_UNK$OKoopman
=999  \\$c8188$d8188

