=LDR  01228cam a2200277 a 4500
=001  8189
=005  20250120120213.0
=008  041021s2004\\\\ne\a\\\\\bc\\\001\0\dut\\
=020  \\$a9061942993
=040  \\$aOI
=041  0\$adut$bger
=100  \\$aHermans, Jos. M. M.$911539
=245  10$aZwolse boeken voor een markt zonder grenzen, 1477-1523 :$bmet een Catalogus van de verschenen edities en gegevens over de bewaard gebleven exemplaren /$cJos. M.M. Hermans.
=260  \\$aUtrecht :$bHES & De Graaf,$cc2004.
=300  \\$a312 p. :$bill. ;$c28 cm.
=546  \\$aSummary in German.
=504  \\$aIncludes bibliographical references (p. 295-302) and indexes.
=650  \0$aPrinting$1http://www.wikidata.org/entity/Q11034$921936
=650  \0$aIncunable$1http://www.wikidata.org/entity/Q216665$93964
=650  \0$aPrinting$1http://www.wikidata.org/entity/Q11034$921936
=942  \\$cBOO
=952  \\$00$10$40$70$98183$aORPH$bORPH$cLOC_UNK$d2021-01-12$l0$p20121019$r2021-01-12 00:00:00$w2021-01-12$yTYPE_UNK$OKoopman
=999  \\$c8189$d8189
=490  \\$aBibliotheca bibliographica Neerlandica ;
=651  \0$aNetherlands$1http://www.wikidata.org/entity/Q55$9173
=651  \0$aZwolle (Netherlands)$1http://www.wikidata.org/entity/Q793$985

