=LDR  00331    a2200109   4500
=001  8190
=100  \\$aHermesdorf, B. H. D.$911540
=245  \\$aDe Herberg in de Nederlanden
=260  \\$c1957
=942  \\$cBOO
=952  \\$00$10$40$70$98184$aORPH$bORPH$cLOC_UNK$d2021-01-12$l0$p20128213$r2021-01-12 00:00:00$w2021-01-12$yTYPE_UNK$OKoopman
=999  \\$c8190$d8190

