=LDR  01238aam a2200253   4500
=001  8215
=008  250122s1973\\\\||||||||\b|||\00|\0\ger\d
=041  \\$ager
=100  \\$aHeussner, Horst$d1926-2003$911562$4edt
=245  \\$aCollectio Musica : Musikbibliographie in Deutschland bis 1625
=260  \\$c1973$aKassel$bInternationale Vereinigung der Musikbibliotheken
=300  \\$a255 pages
=490  \\$aCatalogus Musicus $v6
=648  \0$a15th Century (1401-1500)$1http://www.wikidata.org/entity/Q7018$921015
=648  \0$a16th Century (1501-1600)$1http://www.wikidata.org/entity/Q7017$920944
=650  \0$aBibliography$1http://www.wikidata.org/entity/Q134995$93965
=650  \0$aMusic printing$1http://www.wikidata.org/entity/Q64416036$94007
=650  \0$aMusic history$1http://www.wikidata.org/entity/Q846047$921373
=651  \0$aGermany$1http://www.wikidata.org/entity/Q183$9155
=700  \\$aSchultz, I.$4edt$913967
=710  \\$aInternational Association of Music Libraries$1http://www.wikidata.org/entity/Q1667506$91568
=942  \\$cBOO
=952  \\$00$10$2ddc$40$6BIB_4_000000000000000_DE_4$70$8BIB$98208$aORPH$bORPH$cKTS0$d2021-01-12$eKoopman$i21F09$l0$oBIB4 DE 4$p20125499$r2021-01-12 00:00:00$w2021-01-12$yBOO$OKoopman
=999  \\$d8215

