=LDR  00336    a2200109   4500
=001  8229
=100  \\$aHildesheim, G. O.$4cmp$911572
=245  \\$aPublikationen Älterer Musik VIII
=260  \\$c1967
=942  \\$cSCO
=952  \\$00$10$40$70$8SCO$98222$aORPH$bORPH$cKTS1_P$d2021-01-12$l0$p20121648$r2021-01-12 00:00:00$w2021-01-12$ySCO$OW.0695
=999  \\$c8229$d8229

