=LDR  00334    a2200109   4500
=001  8230
=100  \\$aHildesheim, G. O.$4cmp$911572
=245  \\$aPublikationen Älterer Musik IX
=260  \\$c1968
=942  \\$cSCO
=952  \\$00$10$40$70$8SCO$98223$aORPH$bORPH$cKTS1_P$d2021-01-12$l0$p20121647$r2021-01-12 00:00:00$w2021-01-12$ySCO$OW.0696
=999  \\$c8230$d8230

