=LDR  01289cam a2200277 a 4500
=001  8232
=005  20250120115912.0
=008  980701s1998\\\\ne\a\\\\\bc\\\001\0\dut\\
=020  \\$a9040092125
=040  \\$aOI
=041  0\$adut$beng
=245  00$aBeelden van een strijd :$boorlog en kunst vóór de Vrede van Munster, 1621-1648 /$credactie, Michel P. van Maarseveen, Jos W.L. Hilkhuijsen, Jacques Dane ; met bijdragen van Jos W.L. Hilkhuijsen ... [et al.].
=260  \\$aZwolle :$bWaanders ;$aDelft :$bStedelijk Museum Het Prinsenhof,$cc1998.
=300  \\$a383 p. :$bill. (some col.) ;$c31 cm.
=504  \\$aIncludes bibliographical references (p. [369]-379) and index.
=546  \\$aEnglish summary.
=648  \0$a17th Century (1601-1700)$1http://www.wikidata.org/entity/Q7016$920923
=650  \0$aFine art$1http://www.wikidata.org/entity/Q219625$921579
=651  \0$aNetherlands$1http://www.wikidata.org/entity/Q55$9173
=700  \\$aMaarseveen, Michel P. van$911574
=700  \\$aHilkhuijsen, J. W. L.$911575
=700  \\$aDane, Jacques,$d-1964$911576
=710  \\$aStedelijk Museum "Het Prinsenhof" (Delft, Netherlands)$91637
=942  \\$cBOO
=952  \\$00$10$40$70$98225$aORPH$bORPH$cLOC_UNK$d2021-01-12$l0$p20128593$r2021-01-12 00:00:00$w2021-01-12$yTYPE_UNK$OKoopman
=999  \\$d8232

