=LDR  00945nam a2200217 a 4500
=001  8233
=005  20250120115850.0
=008  890829s1986\\\\ne\a\\\\\b\\\\000\0\dut\\
=020  \\$a9062430570
=040  \\$aOI
=245  00$aOpen slot :$bsluitwerk en slotenmakers in Nederland uit de 15e tot de 19e eeuw.
=260  \\$aGroningen :$bWolters Noordhoff/Forsten,$c1986.
=300  \\$a111 p. :$bill. ;$c25 cm.
=504  \\$aBibliography: p. 92-94.
=505  0\$aDe ontwikkeling van oude sloten en hun decoratie / door J.W.L. Hilkhuijsen -- 450 jaar sluittechniek nader belicht / door K.T. Meindersma -- Slotenmakers in Delft / door A.P.A. van Daalen.
=650  \0$aLocks and keys$92931
=700  \\$aHilkhuijsen, J. W. L.$911575
=942  \\$cBOO
=952  \\$00$10$40$70$98226$aORPH$bORPH$cLOC_UNK$d2021-01-12$l0$p20126752$r2021-01-12 00:00:00$w2021-01-12$yTYPE_UNK$OKoopman
=999  \\$c8233$d8233
=651  \0$aNetherlands$1http://www.wikidata.org/entity/Q55$9173

