=LDR  00349    a2200109   4500
=001  8257
=100  \\$aHodgkinson, T.$4aut$911601
=245  \\$aHandel at Vauxhall
=260  \\$c1965
=942  \\$cBOO
=952  \\$00$10$2ddc$40$6BIO_HAND_E$70$8BIO$98250$aORPH$bORPH$cKTS1_P$d2021-01-12$l0$oBIO HAND e$p20130029$r2021-01-12 00:00:00$w2021-01-12$yBOO$OThwaites
=999  \\$c8257$d8257

