=LDR  00323    a2200109   4500
=001  8258
=100  \\$aHoefer, F. A.$911602
=245  \\$aWandelingen door Oud-Zwolle
=260  \\$c1912
=942  \\$cBOO
=952  \\$00$10$40$70$98251$aORPH$bORPH$cLOC_UNK$d2021-01-12$l0$p20121101$r2021-01-12 00:00:00$w2021-01-12$yTYPE_UNK$OKoopman
=999  \\$c8258$d8258

