=LDR  00862aca a2200193   4500
=001  8267
=008  210813s1960\\\\||||||||\||||\00|\0\ger\d
=041  \\$ager
=245  \\$aWiener Tanzmusik in der zweiten hälfte des siebzehnten
=260  \\$c1960
=648  \0$a17th Century (1601-1700)$1http://www.wikidata.org/entity/Q7016$920923
=650  \0$aDance$1http://www.wikidata.org/entity/Q6034$924845
=651  \0$aVienna (Austria)$1http://www.wikidata.org/entity/Q1741$920937
=700  \\$4cmp$aHoffer, J. J.$922012
=700  \\$4cmp$aPoglietti, Alessandro$d?-1683$1http://www.wikidata.org/entity/Q671043$922013
=700  \\$4cmp$aSchmelzer, Johann Heinrich$dc. 1623-1680$1http://www.wikidata.org/entity/Q701274$913890
=942  \\$cSCO
=952  \\$00$10$40$70$8SCO$98260$aORPH$bORPH$cKTS1_P$d2021-01-12$l0$p20121821$r2021-01-12 00:00:00$w2021-01-12$ySCO$OW.1030-56
=999  \\$d8267

