=LDR  00640cam a22001691  4500
=001  8274
=005  20250120120037.0
=008  740315s1963\\\\gw\ag\\\\\\\\\000\0\ger\\
=041  \\$ager
=100  \\$aHoffmann, E. T. A.$d1776-1822$4aut$1http://www.wikidata.org/entity/Q150471$911619
=245  10$aSchriften zur Musik: Nachlese
=260  \\$aMünchen$bWinkler$c1963
=300  \\$a1060 pages
=942  \\$cBOO
=952  \\$00$10$2ddc$40$6TRE_HOFF$70$8TRE$98267$aORPH$bORPH$cKTS1_H$d2021-01-12$eKoopman$i24E35$l0$oTRE HOFF$p20125924$r2021-01-12 00:00:00$w2021-01-12$yBOO
=999  \\$c8274$d8274
=650  \0$aMusic theory$1http://www.wikidata.org/entity/Q193544$92662

