=LDR  00766aam a2200169   4500
=001  8276
=008  210819t1935\\\\\\\|||||\||||\01|\0\ger\d
=041  \\$ager
=100  \\$aSchneider, Max$d1875-1967$4dte$1http://www.wikidata.org/entity/Q1913387$916830
=245  \\$aFestschrift Max Schneider zum 60. Geburtstag,$büberreicht von Kollegen, Freunden und Schülern
=260  \\$aHalle$bSchneider$c1935
=300  \\$a153-7 pages
=590  \\$aIn Verbindung mit Arnold Schering, Walther Vetter, Hans Hoffmann, Walter Serauky
=700  \\$4edt$aZingel, Hans Joachim$d1904-1978$915654
=942  \\$cBOO
=952  \\$00$10$2ddc$40$6REF_4_000000000000000_SCHN$70$8REF$98269$aORPH$bORPH$cKM12_1$d2021-01-12$eKoopman$i28B17$oREF4 SCHN$p20123622$r2021-01-12 00:00:00$w2021-01-12$yBOO
=999  \\$d8276

