=LDR  00353    a2200121   4500
=001  8281
=020  \\$a9075258062
=100  \\$aHofman-Allema, G.$911626
=245  \\$aGeestdrift en muzikale zin
=260  \\$c2005
=942  \\$cBOO
=952  \\$00$10$40$70$98274$aORPH$bORPH$cLOC_UNK$d2021-01-12$l0$p20121978$r2021-01-12 00:00:00$w2021-01-12$yTYPE_UNK$OKoopman
=999  \\$c8281$d8281

