=LDR  00348    a2200121   4500
=001  8286
=020  \\$a9789059970625
=100  \\$aHoftijzer, P.G.$911634
=245  \\$aLangs Leidse letters
=260  \\$c2008
=942  \\$cBOO
=952  \\$00$10$40$70$98279$aORPH$bORPH$cLOC_UNK$d2021-01-12$l0$p20130300$r2021-01-12 00:00:00$w2021-01-12$yTYPE_UNK$OKoopman
=999  \\$c8286$d8286

