=LDR  01105cam a2200265 a 4500
=001  8288
=005  20250605143419.0
=008  990601s1999\\\\ne\a\\\\\b\\\\000\0bdut\\
=020  \\$a9065501584
=040  \\$aOI
=100  \\$aHoftijzer, P. G.$911631
=245  10$aPieter van der Aa (1659-1733) :$bLeids drukker en boekverkoper /$cP.G. Hoftijzer.
=260  \\$aHilversum :$bVerloren,$c1999.
=300  \\$a96 p. :$bill. ;$c20 cm.
=490  1\$aZeven Provinciënreeks ;$vd. 16
=504  \\$aIncludes bibliographical references (p. 92-96).
=600  \0$aAa, Pieter van der$d1659-1733$911632
=648  \0$a17th Century (1601-1700)$1http://www.wikidata.org/entity/Q7016$920923
=650  \0$aBook$1http://www.wikidata.org/entity/Q571$92285
=650  \0$aPrinting$1http://www.wikidata.org/entity/Q11034$921936
=650  \0$aTranslation$1http://www.wikidata.org/entity/Q7553$92492
=651  \0$aLeiden (Netherlands)$1http://www.wikidata.org/entity/Q43631$978
=942  \\$cBOO
=952  \\$00$10$40$70$98281$aORPH$bORPH$cLOC_UNK$d2021-01-12$l0$p20125607$r2021-01-12 00:00:00$w2021-01-12$yTYPE_UNK$OKoopman
=999  \\$d8288

