=LDR  01066cam a2200277 i 4500
=001  8295
=003  OSt
=005  20250625134246.0
=008  801215s1979\\\\enkg\\\\\b\\\\001\0\eng\\
=015  \\$aGB79-33556
=020  \\$a0563170956 (pbk.) :$c£2.50
=040  \\$aOI
=041  \\$aeng
=100  \\$aHogwood, Christopher$d1941-2014$4aut$1http://www.wikidata.org/entity/Q435198$918287
=245  14$aThe Trio Sonata
=260  \\$aLondon$bBBC$c1979
=300  \\$a128 pages$bmusic ;$c20 cm.
=490  0\$aBBC music guides
=504  \\$aBibliography: p. 125-126.
=648  \0$a17th Century (1601-1700)$1http://www.wikidata.org/entity/Q7016$920923
=648  \0$a18th Century (1701-1800)$1http://www.wikidata.org/entity/Q7015$920899
=650  \0$aMusic history$1http://www.wikidata.org/entity/Q846047$921373
=650  \0$aTrio sonata$1http://www.wikidata.org/entity/Q903425$921654
=942  \\$cBOO
=952  \\$00$10$2ddc$40$6GEN_12_000000000000000$70$8GEN$98288$aORPH$bORPH$cKM12_1$d2021-01-12$g3.50$oGEN12$p20130058$r2021-01-12 00:00:00$w2021-01-12$yBOO
=999  \\$c8295$d8295

