=LDR  00362    a2200109   4500
=001  8313
=100  \\$aHolst, N. von$911655
=245  \\$aKünstler Sammler Publikum
=260  \\$c1960
=942  \\$cBOO
=952  \\$00$10$2ddc$40$6VIS_HOLS$70$8VIS$98306$aORPH$bORPH$cKTS1_H$d2021-01-12$eKoopman$i31F06$l0$oVIS HOLS$p20123168$r2021-01-12 00:00:00$w2021-01-12$yBOO$OKoopman
=999  \\$c8313$d8313

