=LDR  00378    a2200109   4500
=001  8316
=100  \\$aHolzbauer, Ignaz$d1711-1783$4cmp$1http://www.wikidata.org/entity/Q697238$911657
=245  \\$aInstrumentale Kammermusik
=260  \\$c1953
=942  \\$cSCO
=952  \\$00$10$40$70$8SCO$98309$aORPH$bORPH$cKTS1_P$d2021-01-12$l0$p20124227$r2021-01-12 00:00:00$w2021-01-12$ySCO$OW.2355
=999  \\$c8316$d8316

