=LDR  01163aam a2200217   4500
=001  8339
=005  20250925143258.0
=008  230509s1947\\\\||||||||\||||\00|\0\dut\d
=041  \\$adut
=100  1\$aHoogewerff, G. J.$d1884-1963$4aut$1http://www.wikidata.org/entity/Q19753889$911677
=245  \\$aDe geschiedenis van de St. Lucasgilden in Nederland
=260  \\$c1947$aAmsterdam$bvan Kampen
=300  \\$a245 pages
=500  \\$aThe oldest guild of painters is the Antwerp Lucas guild, which was founded in 1382. In the Netherlands, not unexpectedly, Haarlem was the first city with a painters' guild, founded in 1496. It was soon followed by Amsterdam, Delft, The Hague, Utrecht and Leiden.
=610  \0$1http://www.wikidata.org/entity/Q1110992$aSint-Lucasgilde$926162
=648  \0$1http://www.wikidata.org/entity/Q6927$a20th Century (1901-2000)$920936
=650  \0$1http://www.wikidata.org/entity/Q309$aHistory$921403
=651  \0$1http://www.wikidata.org/entity/Q55$aNetherlands$9173
=942  \\$cBOO
=952  \\$00$10$2ddc$40$6TOP_NL$70$8TOP$98332$aORPH$bORPH$cKTS0$d2021-01-12$eKoopman$l0$oTOP NL$p20128990$r2021-01-12 00:00:00$w2021-01-12$yBOO$OKoopman
=999  \\$d8339

