=LDR  01015cam a2200205 a 4500
=001  8345
=008  880602s1987\\\\gw\ag\\\\b\\\\001\0\ger\|
=041  \\$ager
=100  \\$aHorn, Wolfgang$d1956-2019$1http://www.wikidata.org/entity/Q64022815$911685$4aut
=245  14$aDie Dresdner Hofkirchenmusik, 1720-1745.$bStudien zu ihren Voraussetzungen und ihrem Repertoire
=260  \\$aKassel$aNew York$bBärenreiter$aStuttgart$bCarus-Verlag$c1987
=300  \\$a232 pages
=504  \\$aBibliography: p. 207-216.
=648  \0$a18th Century (1701-1800)$1http://www.wikidata.org/entity/Q7015$920899
=650  \0$aChurch music$1http://www.wikidata.org/entity/Q8812109$92283
=650  \0$aCatholicism$1http://www.wikidata.org/entity/Q1841$921631
=651  20$aDresden (Germany)$1http://www.wikidata.org/entity/Q1731$947
=942  \\$cBOO
=952  \\$00$10$2ddc$40$6TOP_DE_DRE_5_000000000000000$70$8TOP$98338$aORPH$bORPH$cKTS0$d2021-01-12$eKoopman$i21E32$l0$oTOP DE.DRE 5$p20125453$r2021-01-12 00:00:00$w2021-01-12$yBOO$OKoopman
=999  \\$d8345

