=LDR  01046cam a2200253 a 4500
=001  8346
=005  20251008124149.0
=008  820408s1982\\\\nyuaf\\\\b\\\\001\0\eng\\
=020  \\$a0394513908 :$c$17.95
=040  \\$aOI
=100  \\$aHorowitz, Joseph$d1948-$911687$4ivr
=245  10$aConversations with Arrau
=250  \\$a1st ed.
=260  \\$aNew York$bKnopf$bRandom House$c1982
=300  \\$axv-317 pages, [12] pages of plates$billustrations$c22 cm
=504  \\$aIncludes a discography, bibliographical references and indexes.
=648  \0$a20th Century (1901-2000)$1http://www.wikidata.org/entity/Q6927$920936
=650  \0$aPianist$1http://www.wikidata.org/entity/Q486748$92959
=650  \0$aInterview$1http://www.wikidata.org/entity/Q178651$924895
=651  \0$aFrance$1http://www.wikidata.org/entity/Q142$9131
=700  \\$aArrau, Claudio$d1903-1991$1http://www.wikidata.org/entity/Q160223$911688$4ive
=942  \\$cBOO
=952  \\$00$10$2ddc$40$70$921020$aORPH$bORPH$d2021-11-30$l0$p20137416$r2021-11-30 00:00:00$w2021-11-30$yBOO
=999  \\$d8346

