=LDR  01082cam a2200241 a 4500
=001  8355
=005  20251001162312.0
=008  810311r19811978\\\\\\\\\bm\\\001\0\eng\|
=041  \\$aeng
=100  \\$aHosler, Bellamy$911698$4aut
=245  10$aChanging aesthetic views of instrumental music in 18th century Germany
=260  \\$aAnn Arbor, Mich.$bUMI Research Press$c1981
=300  \\$axxiv-295 pages
=490  \\$aStudies in musicology
=504  \\$aBibliography: p. [285]-289.
=648  \0$a18th Century (1701-1800)$1http://www.wikidata.org/entity/Q7015$920899
=650  \0$aInstrumental music$1http://www.wikidata.org/entity/Q639197$92106
=650  \0$aMusic history$1http://www.wikidata.org/entity/Q846047$921373
=650  \0$aMusic philosophy and aesthetics$1http://www.wikidata.org/entity/Q2092865$921165
=651  \0$aGermany$1http://www.wikidata.org/entity/Q183$9155
=942  \\$cBOO
=952  \\$00$10$2ddc$40$6TOP_DE_5_000000000000000$70$8TOP$98347$aORPH$bORPH$cKM12_1$d2021-01-12$eKoopman$i21B35$l0$oTOP DE 5$p20128405$r2021-01-12 00:00:00$w2021-01-12$yBOO$OKoopman
=999  \\$d8355

