=LDR  00341    a2200121   4500
=001  8364
=020  \\$a9789067282772
=100  \\$aHoutsma, J.$911705
=245  \\$aDe stem en de pen
=260  \\$c2012
=942  \\$cBOO
=952  \\$00$10$40$70$98356$aORPH$bORPH$cLOC_UNK$d2021-01-12$l0$p20126450$r2021-01-12 00:00:00$w2021-01-12$yTYPE_UNK$OKoopman
=999  \\$c8364$d8364

