=LDR  00370    a2200121   4500
=001  8367
=020  \\$a9789063752248
=100  \\$avan den Hove, Joachim$d1567-1620$911708
=245  \\$aJoachim van den Hove - II
=260  \\$c2013
=942  \\$cBOO
=952  \\$00$10$40$70$98359$aORPH$bORPH$cLOC_UNK$d2021-01-12$l0$p20127508$r2021-01-12 00:00:00$w2021-01-12$yTYPE_UNK$OKoopman
=999  \\$c8367$d8367

