=LDR  01136nam a2200265 a 4500
=001  8369
=005  20250120120223.0
=008  870225s1985\\\\ne\a\\\\\b\\\\001\0\dut\\
=020  \\$a9060043855
=040  \\$aOI
=041  0\$aduteng
=100  \\$aHöweler, C. A.$911710
=245  10$aFontes hymnodiae Neerlandicae impressi 1539-1700 =$bDe melodieën van het Nederlandstalig geestelijk lied 1539-1700 : een bibliografie van de gedrukte bronnen /$cdoor C.A. Höweler & F.H. Matter.
=260  \\$aNieuwkoop :$bB. de Graaf,$c1985.
=300  \\$alxiii, 400 p. :$bill. ;$c25 cm.
=504  \\$aBibliography: p. xliv-li.
=650  \0$aHymn$1http://www.wikidata.org/entity/Q484692$921333
=650  \0$aSong$1http://www.wikidata.org/entity/Q7366$94164
=700  \\$aMatter, F. H.$911711
=740  0\$aMelodieën van het Nederlandstalig geestelijk lied 1539-1700.
=942  \\$cBOO
=952  \\$00$10$40$70$98361$aORPH$bORPH$cLOC_UNK$d2021-01-12$l0$p20120533$r2021-01-12 00:00:00$w2021-01-12$yTYPE_UNK$OKoopman
=999  \\$c8369$d8369
=490  \\$aBibliotheca bibliographica Neerlandica ;
=651  \0$aNetherlands$1http://www.wikidata.org/entity/Q55$9173

