=LDR  01004aam a2200229   4500
=001  8373
=005  20250922120558.0
=008  250922s1891\\\\|||a||||\||||\00|\0\eng\d
=041  \\$aeng
=100  \\$aHoyle, E.$911716$4aut
=245  \\$aThe History of Barnsley Old Church; its organ and bells.
=260  \\$c1891$aBarnsley$bWhitham
=300  \\$a56 pages
=610  \0$aSt Mary's Church, Barnsley (Yorkshire)$1http://www.wikidata.org/entity/Q17531005$941307
=650  \0$aChurch$1http://www.wikidata.org/entity/Q16970$93776
=650  \0$aArchitecture$1http://www.wikidata.org/entity/Q12271$93185
=650  \0$aOrgan$1http://www.wikidata.org/entity/Q1444$92810
=650  \0$aBell$1http://www.wikidata.org/entity/Q101401$922519
=651  \0$aBarnsley (South Yorkshire)$1http://www.wikidata.org/entity/Q54212$941306
=942  \\$cBOO
=952  \\$00$10$2ddc$40$6TOP_GB_BAR$70$8TOP$98365$aORPH$bORPH$cKTS0$d2021-01-12$eKoopman$i19F22$l0$oTOP GB.BAR$p20125250$r2021-01-12 00:00:00$w2021-01-12$yBOO$OKoopman
=999  \\$d8373

