=LDR  01430aam a2200265   4500
=001  8374
=005  20251029220334.0
=008  230912s1965\\\\enga||||\||||\00|\0\eng\d
=041  \\$aeng
=100  \\$aHubbard, Frank$d1920-1976$1http://www.wikidata.org/entity/Q3082663$911717
=245  \\$aThree Centuries of Harpsichord Making
=260  \\$aCambridge, MA$bHarvard University Press$c1965
=300  \\$a369 pages, 41 leaves of plates
=500  \\$aFrank Hubbard was a pioneer of historically informed harpsichord building
=648  \0$1http://www.wikidata.org/entity/Q7016$a17th Century (1601-1700)$920923
=648  \0$1http://www.wikidata.org/entity/Q7015$a18th Century (1701-1800)$920899
=650  \0$1http://www.wikidata.org/entity/Q81982$aHarpsichord$92125
=650  \0$1http://www.wikidata.org/entity/Q52954$aKeyboard instrument$92849
=650  \0$1http://www.wikidata.org/entity/Q4591805$aPedal$922613
=651  \0$1http://www.wikidata.org/entity/Q46$aEurope$991
=700  \\$1http://www.wikidata.org/entity/Q597101$4win$aKirkpatrick, Ralph$d1911-1984$912014
=942  \\$cBOO
=952  \\$00$10$2ddc$40$6INS_3_000000000000000_2B$70$8INS$98366$aORPH$bORPH$cKTS0$d2020-07-08$eKoopman$i20F35$l0$oINS3.2b$p20128115$r2021-01-12 00:00:00$w2021-01-12$yBOO$OKoopman
=952  \\$00$10$2ddc$40$6INS_3_000000000000000_2B$70$8INS$922936$aORPH$bORPH$cKTS0$d2023-09-12$l0$oINS3.2b$p20129965$r2023-09-12 00:00:00$w2021-01-12$yBOO
=999  \\$d8374

