=LDR  01162cam a2200265 i 4500
=001  8386
=005  20250820125242.0
=008  810108s1981\\\\miug\\\\\b\\\\001\0\eng\\
=020  \\$a0835711617
=040  \\$aOI
=041  \\$aeng
=100  \\$aHudson, Richard$d1924-$4aut$911730
=245  10$aPassacaglio and Ciaccona :$bfrom guitar music to Italian keyboard variations in the 17th century.
=260  \\$aAnn Arbor, Mich. :$bUMI Research Press,$cc1981.
=300  \\$axi, 314 pages$bmusic ;$c24 cm.
=504  \\$aBibliography: p. [303]-311.
=650  \0$aPassacaglia$1http://www.wikidata.org/entity/Q752329$92976
=650  \0$aChaconne$1http://www.wikidata.org/entity/Q841238$92977
=650  \0$aMusic history$1http://www.wikidata.org/entity/Q846047$921373
=942  \\$cBOO$2ddc
=952  \\$00$10$2ddc$40$6GEN_15_000000000000000$70$8GEN$98378$aORPH$bORPH$cKM12_1$d2021-01-12$eKoopman$i44G26$l0$oGEN 15$p20126850$r2021-01-12 00:00:00$w2021-01-12$yBOO
=999  \\$c8386$d8386
=490  \\$aStudies in musicology ;
=648  \0$a17th Century (1601-1700)$1http://www.wikidata.org/entity/Q7016$920923
=650  \0$aMusic history$1http://www.wikidata.org/entity/Q846047$921373

