=LDR  01410    a2200169   4500
=001  8387
=008  210312b\\\\\\\\be\|||||\||||\00|\0\eng\d
=020  \\$a9780198166672
=041  \\$aeng
=100  \\$aHudson, Richard$d1924-$4aut$911730
=245  \\$aStolen Time:$bThe History of Tempo Rubato
=260  \\$c1994$aOxford$bClarendon
=300  \\$a473 pages
=520  \\$aTracing the complex history of tempo rubato, this book identifies and traces the development of two main types of rubato: an earlier one in which note values in a melody are altered while the accompaniment keeps strict time, and a later, more familiar one in which the tempo of the entire musical substance fluctuates. In the course of his narrative, Hudson ranges widely over western music, from Gregorian Chant to Chopin, from C.P.E. Bach to jazz, quoting extensively from the writings of theorists, composers, and performers. In so doing he not only suggests new ways of approaching the rubato in the music of nineteenth-century composers like Chopin and Liszt, where we expect to encounter the term, but also illuminates the music of earlier and later periods, revealing its use even in the music of that most metronomic of composers, Stravinsky.
=942  \\$cBOO
=952  \\$00$10$2ddc$40$6MTP_1_000000000000000_HUDS$70$8MTP$98379$aORPH$bORPH$cKM12_1$d2021-01-12$eKoopman$i46E39$l0$oMTP1 HUDS$p20126924$r2021-01-12 00:00:00$w2021-01-12$yBOO
=999  \\$d8387

