=LDR  01110aam a2200241   4500
=001  8400
=005  20251003085457.0
=008  230509s1975\\\\||||||||\c|||\00|\0\dut\d
=041  \\$adut
=100  \\$aHull-Vermaas, E. P.$911742$4aut
=245  \\$aDe handschriften en incunabelen van het Rijksmuseum Twenthe
=260  \\$c1975$aEnschede$bRijksmuseum Twenthe
=300  \\$a83 pages
=610  \0$1http://www.wikidata.org/entity/Q1505892$aRijksmuseum Twenthe (Enschede, Netherlands)$91730
=648  \0$1http://www.wikidata.org/entity/Q6927$a20th Century (1901-2000)$920936
=650  \0$1http://www.wikidata.org/entity/Q2352616$aCatalogue$921484
=650  \0$1http://www.wikidata.org/entity/Q216665$aIncunable$93964
=650  \0$1http://www.wikidata.org/entity/Q87167$aManuscript$92275
=651  \0$1http://www.wikidata.org/entity/Q773$aEnschede (Netherlands)$926165
=700  1\$4win$926163$aHulshoff, A. L.
=942  \\$cBOO
=952  \\$00$10$2ddc$40$6BIB_4_000000000000000_NL_ENS$70$8BIB$98392$aORPH$bORPH$cKTS0$d2021-01-12$eKoopman$l0$oBIB4 NL.ENS$p20121982$r2021-01-12 00:00:00$w2021-01-12$yBOO$OKoopman
=999  \\$d8400

