=LDR  00371    a2200121   4500
=001  8401
=005  20250926105333.0
=100  \\$aHumfrey, Pelham $d1647-1674$4cmp$922299
=245  \\$aComplete church music I
=260  \\$c1972
=942  \\$cSCO
=952  \\$00$10$40$70$8SCO$98393$aORPH$bORPH$cKTS1_P$d2021-01-12$l0$p20121625$r2021-01-12 00:00:00$w2021-01-12$ySCO$OW.0992-XXXIV
=999  \\$c8401$d8401

