=LDR  01952aam a2200253   4500
=001  8409
=008  250604s1970\\\\|||a||||\\|||\00|\0deng\d
=020  \\$a063112330X
=041  \\$aeng
=245  \\$aMusic publishing in the British Isles$bfrom the beginning until the middle of the nineteenth century. A Dictionary of engravers, printers, publishers and music sellers, with a historical introduction
=250  \\$a2nd ed., with Supplement
=260  \\$c1970$aOxford$bBlackwell
=300  \\$avii-392 pages
=500  \\$a[from the Preface:]
Frank Kidson's pioneer work, British Music Publishers, Printers and Engravers, &c., issued in 1900, has long been out of print, and it is to be regretted that the author was unable to undertake a new edition incorporating the results of his later investigations. Although he subsequently published a number of important articles on certain aspects of the subject, and various works have appeared by other writers dealing with specific periods and infividual publishers, etc., no comprehensive work covering practically all the known firms up to about 1850 has been issued, and the present volume has been prepared to supply as far as possible that want, in a simple and concise form. 
=561  \\$aformer library stamp of the Vrije Universiteit Amsterdam
=650  \0$aMusic publishing company$1http://www.wikidata.org/entity/Q1917775$927716
=650  \0$aMusic printing$1http://www.wikidata.org/entity/Q64416036$94007
=650  \0$aMusic history$1http://www.wikidata.org/entity/Q846047$921373
=651  \0$aUnited Kingdom$1http://www.wikidata.org/entity/Q21$1http://www.wikidata.org/entity/Q145$9273
=700  \\$aHumphries, Charles$4aut$911762
=700  \\$aSmith, William Charles$d1881-1972$4aut$914116
=942  \\$cBOO
=952  \\$00$10$2ddc$40$6BIB_4_000000000000000_GB$70$8BIB$98401$aORPH$bORPH$cKTS0$d2021-01-12$eKoopman$i25B13$l0$oBIB4 GB$p20129211$r2021-01-12 00:00:00$w2021-01-12$yBOO$OKoopman
=999  \\$d8409

