=LDR  01094cam a2200277 a 4500
=001  8413
=005  20250120115907.0
=008  090212s2010\\\\mauk\\\\\b\\\\000\0\eng\\
=015  \\$aGBB004758$2bnb
=016  7\$a015462578$2Uk
=020  \\$a9781422128862 (pbk. : alk. paper)
=020  \\$a1422128865
=040  \\$aOI
=245  00$aLeading virtual teams :$bexpert solutions to everyday challenges.
=260  \\$aBoston, Mass. :$bHarvard Business Press,$cc2010.
=300  \\$ax, 81 p. :$bforms ;$c18 cm.
=490  1\$aPocket mentor series
=504  \\$aIncludes bibliographical references.
=650  \0$aVirtual work teams$92993
=710  \\$aHarvard Business School (Cambridge, MA, USA)$91379
=830  \0$9630$aPocket mentor series.
=856  \\$uhttp://www.loc.gov/catdir/enhancements/fy1105/2009005482-t.html$3Table of contents only
=856  \\$uhttp://www.loc.gov/catdir/enhancements/fy1311/2009005482-d.html$3Publisher description
=942  \\$cBOO
=952  \\$00$10$2ddc$40$70$98405$aORPH$bORPH$cLOC_UNK$d2021-01-12$l0$r2021-01-12 00:00:00$w2021-01-12$yTYPE_UNK$OKoopman
=999  \\$c8413$d8413

