=LDR  01315cam a2200265 a 4500
=001  8422
=005  20250120120223.0
=008  050203s2004\\\\be\a\\\\\bc\\\001\0\dut\d
=020  \\$a9042915269 (v. 1)
=020  \\$a9789042915268 (v. 1)
=100  \\$aHuybens, Gilbert$d1949-$1http://www.wikidata.org/entity/Q64706420$4aut$920629
=245  10$aThesaurus canticorum Flandrensium:$bHet gedrukte Nederlandse liedboek in Vlaanderen (1508-1800)$nvol. 1 Bibliografie
=260  \\$aLeuven$bPeeters$c2004
=300  \\$a296 pages$bill.$c24 cm.
=504  \\$aIncludes bibliographical references and indexes.
=648  \0$a16th Century (1501-1600)$1http://www.wikidata.org/entity/Q7017$920944
=648  \0$a17th Century (1601-1700)$1http://www.wikidata.org/entity/Q7016$920923
=650  \0$aSong$1http://www.wikidata.org/entity/Q7366$94164
=650  \0$aPrinting$1http://www.wikidata.org/entity/Q11034$921936
=650  \0$aMusic printing$1http://www.wikidata.org/entity/Q64416036$94007
=651  \0$aNetherlands$1http://www.wikidata.org/entity/Q55$9173
=651  \0$aBelgium$1http://www.wikidata.org/entity/Q31$920881
=942  \\$cBOO
=952  \\$00$10$2ddc$40$6BIB_4_000000000000000_BE_FLA$70$8BIB$98414$aORPH$bORPH$cKTS0$d2021-01-12$i45B05 I$l0$oBIB4 BE.FLA$p20127408$r2021-01-12 00:00:00$w2021-01-12$yBOO$OKoopman
=999  \\$d8422

