=LDR  01352aam a2200241   4500
=001  8436
=008  241219s1975\\\\|||a||||\||||\00|\0\dut\d
=041  \\$adut
=100  \\$aHuys, Bernard$917389
=110  \\$aKoninklijke Bibliotheek van België / Bibliothèque royale 'Albert Ier' (Brussels, Belgium)$1http://www.wikidata.org/entity/Q383931$91442
=245  \\$aMuzikale schatten uit de Koninklijke Bibliotheek Albert I. $b1200-1800
=260  \\$c1975$aBrussels$bKoninklijke Bibliotheek Albert I
=300  \\$a49 pages
=500  \\$aTentoonstelling georganiseerd in aansluiting op de concertenreeks Muzikale Schatten uit de Koninklijke Bibliotheek Albert I, ingericht in het kader van het Festival van Vlaanderen Brussel-Leuven, 1975. 
=590  \\$aTentoonstellingscatalogus
=650  \0$aLibrary$1http://www.wikidata.org/entity/Q7075$94229
=650  \0$aMusic printing$1http://www.wikidata.org/entity/Q64416036$94007
=650  \0$aManuscript$1http://www.wikidata.org/entity/Q87167$92275
=650  \0$aMusic history$1http://www.wikidata.org/entity/Q846047$921373
=651  \0$aBrussels (Belgium)$1http://www.wikidata.org/entity/Q239$937
=942  \\$cBOO
=952  \\$00$10$2ddc$40$6BIB_4_000000000000000_BE_BRU1$70$8BIB$98428$aORPH$bORPH$cKTS0$d2021-01-12$eKoopman$i18D64$l0$oBIB4 BE.BRU1$p20125009$r2021-01-12 00:00:00$w2021-01-12$yBOO$OKoopman
=999  \\$d8436

