=LDR  01423aam a2200229   4500
=001  8445
=008  250604s1963\\\\|||a||||\||||\00|\0\eng\d
=041  \\$aeng
=100  \\$aKing, A. Hyatt$d1911-1995$913716
=245  \\$aSome British Collectors of Music, c. 1600-1960
=260  \\$c1963$aCambridge$bCambridge University Press
=300  \\$axvi-177 pages
=505  \\$gI. Introduction: Sources and Principles. Stuarts and Georgians to 1799 -- II. The Greater Georgians and the Lesser Victorians: 1800 to 1849 -- III. The Victorians of the Golden Age: 1850 to 1899 -- IV. Trends of the Twentieth Century. Some ghosts and prices -- Appendixes A: The Royal Music Library and its Collectors. B: Classified list of past collectors
=590  \\$aby A. Hyatt King, Sandars Reader in Bibliography, and Sometime Scholar of King's College, Cambridge
=650  \0$aCollecting$1http://www.wikidata.org/entity/Q208165$92117
=650  \0$aLibrary$1http://www.wikidata.org/entity/Q7075$94229
=650  \0$aBook$1http://www.wikidata.org/entity/Q571$92285
=650  \0$aMusic history$1http://www.wikidata.org/entity/Q846047$921373
=651  \0$aUnited Kingdom$1http://www.wikidata.org/entity/Q21$1http://www.wikidata.org/entity/Q145$9273
=942  \\$cBOO
=952  \\$00$10$2ddc$40$6BIB_4_000000000000000_GB$70$8BIB$98436$aORPH$bORPH$cKTS0$d2021-01-12$eKoopman$i41C28$l0$oBIB4 GB$p20122157$r2021-01-12 00:00:00$w2021-01-12$yBOO$OKoopman
=999  \\$d8445

