=LDR  00350    a2200109   4500
=001  8446
=100  \\$aHylarides, M.$911782
=245  \\$aZang en muziek in het Nederlandstalig Renaissancedrama
=260  \\$c1990
=942  \\$cBOO
=952  \\$00$10$40$70$98437$aORPH$bORPH$cLOC_UNK$d2021-01-12$l0$p20128163$r2021-01-12 00:00:00$w2021-01-12$yTYPE_UNK$OKoopman
=999  \\$c8446$d8446

