=LDR  00983nam a2200241 a 4500
=001  8448
=005  20250120120113.0
=008  850808s1985\\\\ne\a\\\\\b\\\\000\0\dut\\
=020  \\$a9021039982 :$cfl 29.90
=040  \\$aOI
=100  \\$aIddekinge, P. R. A. van$911783
=245  10$aNederland, 1940-1945 :$bde gekleurde werkelijkheid /$cP.R.A. van Iddekinge, Jac G. Constant, A. Korthals Altes.
=260  \\$aEde :$bZomer & Keuning,$cc1985.
=300  \\$a192 p. :$bill. ;$c28 cm.
=504  \\$aBibliography: p. 192.
=650  \0$aWorld War II (1939-1945)$1http://www.wikidata.org/entity/Q362$93004
=650  \0$aWorld War II (1939-1945)$1http://www.wikidata.org/entity/Q362$93004
=651  \0$aNetherlands$1http://www.wikidata.org/entity/Q55$9173
=700  \\$aConstant, Jac. G.$911784
=700  \\$aKorthals Altes, A.$911785
=942  \\$cBOO
=952  \\$00$10$40$70$98439$aORPH$bORPH$cLOC_UNK$d2021-01-12$l0$p20120257$r2021-01-12 00:00:00$w2021-01-12$yTYPE_UNK$OKoopman
=999  \\$c8448$d8448

