=LDR  02347ccm a2200361 a 4500
=001  8452
=005  20250120115736.0
=008  960111s1995\\\\it\mda\\\bdhi\\n\\\\ita\d
=010  \\$a   97701827 
=020  \\$a8822243471
=035  \\$a(OCoLC)34016912
=040  \\$aWU$cWU$dDLC
=041  0\$aita$eengita$hita$geng
=042  \\$alccopycat
=100  1\$aD'India, Sigismondo,$dapproximately 1580-1629.
=240  10$aMadrigals,$mvoices (5),$nbook 3
=245  03$aIl terzo libro dei madrigali a cinque voci, con il suo basso continuo da sonar con diversi instromenti da corpo a beneplacito, ma necessariamente per gli otto ultimi (1615) /$cSigismondo D'India ; transcription and introduction by Glenn Watkins.
=260  \\$aFlorence$bOlschki$c1995.
=300  \\$a1 score (xxviii, 113 p., 4 p. of plates) :$bfacsims., music ;$c34 cm.
=500  \\$aFor mixed voices (canto, quinto, alto, tenore, basso) and continuo.
=500  \\$aSparsely figured bass unrealized.
=500  \\$aEdited from the ed. published: In Venetia : Stampa del Gardano, 1615.
=500  \\$aPref. in English.
=500  \\$aItalian words with English translations printed as text on p. xi-xxvi.
=504  \\$aIncludes bibliographical references.
=505  0\$aDispietata pietate / T. Tasso -- Dove, ah, dove ten vai / A. Striggio -- Dovrò dunque morire / O. Rinuccini -- Donna, quanto più a dentro / T. Tasso -- Canzone di lontananza. E partito il mio bene ; O Dio! quel dolce addio / G.B. Marino -- Ardemmo insieme bella donna ed io / B. Guarini -- Perché non mi mirate / P. Petracci -- O fugace, o superba -- Deh, s'io v'ho dato il core -- Deh, chi mi fa languire -- Dove, dove son io? -- "Mercè!" grido piangendo -- Quell'augellin che canta / B. Guarini -- Io mi son giovinetta -- Ombrose e care selve / B. Guarini -- "Lasso!" dicea Fileno -- Chi vuol aver felice e lieto il core / B. Guarini -- Indarno Febo il suo bell'oro eterno / G. Chiabrera -- O rimembranza amara / F. Rasi -- Non è di gentil core / F. Degli Atti.
=650  \0$aMadrigals, Italian.
=700  1\$aWatkins, Glenn,$d1927-
=952  \\$00$10$40$70$8SCO$98443$aORPH$bORPH$cKTS1_P$d2021-01-12$l0$p20124054$r2021-01-12 00:00:00$w2021-01-12$ySCO$OW.1418
=999  \\$c8452$d8452
=490  \\$aMusiche rinascimentali siciliane,
=651  \0$aItaly$1http://www.wikidata.org/entity/Q38$922
=942  \\$cSCO

