=LDR  02761ccm a2200373 a 4500
=001  8453
=005  20250120120223.0
=008  080312s2007\\\\it\pta|\\dhi\\\n\\|\ita\d
=010  \\$a  2008372890
=020  \\$a9788822256737 (pbk.)
=020  \\$a8822256735 (pbk.)
=035  \\$a(OCoLC)ocn181598954
=035  \\$a(OCoLC)181598954$z(OCoLC)187304539$z(OCoLC)191659448
=040  \\$aOHX$cOHX$dZCU$dWTU$dOSU$dNOC$dKKU$dC3L$dINU$dCUV$dHMU$dDLC
=042  \\$alccopycat
=072  \7$aM$2lcco
=100  \\$ad'India, Sigismondo$dc. 1582-1629$4cmp$1http://www.wikidata.org/entity/Q457145$911789
=240  10$9634$aVillanelle alla napolitana,$nlibro 1
=245  10$aVillanelle a 3, 4 e 5 voci, libri primo (1608) e secondo (1612) /$cSigismondo D'India ; a cura di Concetta Assenza.
=260  \\$aFlorence$bOlschki$c2007.
=300  \\$a1 score (xxxv, 53 p.) :$b14 facsim. ;$c34 cm.
=546  \\$aItalian words, also printed as text on p. xxvi-xxxv.
=505  0\$aDelle villanelle alla napolitana a tre voci-- libro primo (1608, 1610). Care note amorose ; Presa fu l'alma al laccio ; Ahi, per uscir di pene ; Né Amor sì acuti strali ; Fillide mia ; Al nascer mio ; Uscite a rimirar ; Scherzan qui leggiadri amori ; O fortunati miei dolci sospiri ; Non saettar più, Amore ; I vostri dolci sguardi ; Felice chi vi mira ; Io ardo, e l'ardor mio ; Ahi Filli, non credevi ; Filli, nel tuo partire ; Non più saette ardenti ; Son sì belle le rose ; Occhi belli, occhi sereni ; Amorosi miei sol -- Libro secondo delle villanelle alla napolitana a 3, 4 e 5 voci-- (1612). Ecco l'Aurora ; O dolce e cara spene ; Dolci e bei fratelli Amori ; Occhi, de' miei desiri ; Tu m'uccidi, cor mio ; Anima del cor mio ; Quando farai ritorno ; Alla bella cagion ; O di Pindo almo cantore ; Chiari lumi del ciel ; Agli amori, agli amori ; Dove fuggi, crudel ; O de l'Alpi alteri Numi ; Gite al ciel del mio Amor ; O del fertil terreno ; Fronde e fiori novelli ; Or chi fia che sdegni e nieghi ; O de' numi altero Nume ; Belle dive, ai suoni, ai canti ; Qui tra l'erbette e i fior ; O de' più fertil colli ; O regia e bella schiera ; O gioia de' mortali.
=504  \\$aIncludes bibliographical references.
=650  \0$aSong$1http://www.wikidata.org/entity/Q7366$94164
=650  \0$aSong$1http://www.wikidata.org/entity/Q7366$94164
=650  \0$aSong$1http://www.wikidata.org/entity/Q7366$94164
=700  \\$4edt$aAssenza, Concetta.$911790
=700  \2$aD'India, Sigismondo,$dapproximately 1580-1629$914968
=942  \\$cSCO
=952  \\$00$10$40$70$8SCO$98444$aORPH$bORPH$cKTS1_P$d2021-01-12$l0$p20121913$r2021-01-12 00:00:00$w2021-01-12$ySCO$OW.2377
=999  \\$c8453$d8453
=490  \\$aMusiche rinascimentali siciliane ;
=651  \0$aItaly$1http://www.wikidata.org/entity/Q38$922

