=LDR  00532    a2200145   4500
=001  8460
=020  \\$a9780571206162
=041  \\$aeng
=100  \\$aIsserlis, S.$4aut$911797
=245  \\$aWhy Beethoven threw the stew$band lots more stories about the lives of great composers
=260  \\$c2001$aLondon$bFaber and Faber
=300  \\$a144 pages
=942  \\$cBOO$2ddc
=952  \\$00$10$2ddc$40$6GHM_0_000000000000000$70$8GHM$98451$aORPH$bORPH$cKM12_1$d2021-01-12$eKoopman$i28B3$l0$oGHM 0$p20123612$r2021-01-12 00:00:00$w2021-01-12$yBOO
=999  \\$c8460$d8460

