=LDR  01350cam a22002654a 4500
=001  8474
=005  20250305123013.0
=008  990413s1999\\\\nyua\\\\\\\\\\000\0\eng\\
=020  \\$a038549422X (pbk.)
=040  \\$aOI
=110  \\$aFreedom Writers$91385
=245  04$aThe Freedom Writers diary :$bhow a teacher and 150 teens used writing to change themselves and the world around them /$cthe Freedom Writers with Erin Gruwell ; foreword by Zlata Filipovic.
=250  \\$a1st ed.
=260  \\$aNew York :$bDoubleday,$cc1999.
=300  \\$axvii, 280 p. :$bill. ;$c21 cm.
=650  \0$aDiary$1http://www.wikidata.org/entity/Q185598$921711
=651  \0$aUSA$1http://www.wikidata.org/entity/Q30$943
=700  \\$aGruwell, Erin$911812
=856  \\$uhttp://www.loc.gov/catdir/samples/random051/99030342.html$3Sample text
=856  \\$uhttp://www.loc.gov/catdir/enhancements/fy0601/99030342-d.html$3Publisher description
=942  \\$cBOO
=952  \\$00$10$2ddc$40$70$8COLL_UNK$98465$aORPH$bORPH$cLOC_UNK$d2021-01-12$l0$r2021-01-12 00:00:00$w2021-01-12$yTYPE_UNK$OKoopman
=952  \\$00$10$2ddc$40$70$8COLL_UNK$923771$aORPH$bORPH$cLOC_UNK$d2021-01-12$l0$r2021-01-12 00:00:00$w2021-01-12$yTYPE_UNK$OKoopman
=952  \\$00$10$2ddc$40$70$8COLL_UNK$924009$aORPH$bORPH$cLOC_UNK$d2021-01-12$l0$r2021-01-12 00:00:00$w2021-01-12$yTYPE_UNK$OKoopman
=999  \\$c8474$d8474

