=LDR  01149aam a2200241   4500
=001  8475
=008  250121s1973\\\\|||a||||\||||\00|\0\ger\d
=041  \\$ager$aeng
=100  \\$aPuskás, Regula$1http://www.wikidata.org/entity/Q22689485$939534$4edt
=245  \\$aMusikbibliothek Erwin R. Jacobi.$bSeltene Ausgaben und Manuskripte : Katalog
=246  \1$aThe Music Library of Erwin R. Jacobi, Rare Editions and Manuscripts : Catalogue
=250  \\$a3rd.
=260  \\$c1973$aZürich$bHug
=300  \\$a84 pages$bill.
=600  \0$aJacobi, Erwin Reuben$d1909-1979$918302
=650  \0$aLibrary$1http://www.wikidata.org/entity/Q7075$94229
=650  \0$aCollecting$1http://www.wikidata.org/entity/Q208165$92117
=650  \0$aMusic printing$1http://www.wikidata.org/entity/Q64416036$94007
=650  \0$aMusic history$1http://www.wikidata.org/entity/Q846047$921373
=651  \0$aZürich (Switzerland)$1http://www.wikidata.org/entity/Q72$921130
=942  \\$cBOO
=952  \\$00$10$2ddc$40$6BIB_4_000000000000000_CH_ZUR$70$8BIB$98466$aORPH$bORPH$cKTS0$d2021-01-12$eKoopman$i47F39$l0$oBIB4 CH.ZUR$p20123812$r2021-01-12 00:00:00$w2021-01-12$yBOO$OKoopman
=999  \\$d8475

