=LDR  00875nam a22001817a 4500
=001  8480
=005  20250120115907.0
=008  910808s1988\\\\enka\\\\\\\\\\000\0\eng\\
=020  \\$a090445424X
=040  \\$aOI
=245  04$aThe Dutch connection :$bthe founding of the Fitzwilliam Museum : the Fitzwilliam Museum, Cambridge, 25 October 1988 to 8 January 1989 /$ccatalogue and poster sponsored by W.H. Smith Limited ; [edited by Paul Woudhuysen].
=260  \\$aCambridge :$bThe Museum,$c1988.
=300  \\$a120 p. :$bill. (some col.) ;$c30 cm.
=700  \\$aWoudhuysen, P.$911820
=710  \\$aFitzwilliam Museum (Cambridge, United Kingdom)$1http://www.wikidata.org/entity/Q1421440$91388
=942  \\$cBOO
=952  \\$00$10$2ddc$40$6VIS_WOUD$70$8VIS$98471$aORPH$bORPH$cKTS1_H$d2021-01-12$eKoopman$i28C18$l0$oVIS WOUD$p20121422$r2021-01-12 00:00:00$w2021-01-12$yBOO$OKoopman
=999  \\$c8480$d8480

