=LDR  02354aam a2200205   4500
=001  8511
=008  230329s1989\\\\|||o||||\||||\00|\0\dut\d
=020  \\$a9789060116500
=041  \\$adut
=100  1\$aJans, Everhard$4aut$1http://www.wikidata.org/entity/Q109828909$925954
=245  \\$a Burgerhuizen tussen IJssel en Eems:$b1400-1850
=260  \\$c1989
=300  \\$a210 pages
=520  \\$aIn het gebied tussen de rivieren IJssel en Eems is nog veel te zien van de architectuur van de traditionele burgerhuizen, hun gevels, siervormen, plattegrondstypen en interieurdetails.
De verschillende architectuurstijlen vindt men in de huizen uit de periode 1400 tot 1850 terug. Toch is ook een streekeigen bouwkunst duidelijk herkenbaar.
De sociale verschillen tekenen zich af in de gevelarchitectuur. Naast het driebeukige hallehuis en het eenbeukige deelhuistype ontwikkelde men voor de rijke burgerij en de patriciërs zaalhuistypes met meerdere verdiepingen, vaak diep naar achteren uitgebouwd. Een monumentale gang (in het midden of opzij) bepaalde de plattegrond van het rijkere burgerhuis tussen IJssel en Eems sinds 1530. Interessant is ook het verspreidingsgebied van de GeIders-Overijsselse renaissancegevel van baksteen, met in- en uitgezwenkte contouren, fialen en kruisvensters met glas-in-loodvullingen.
In enkele musea in dit gebied (Zwolle, Vreden, Enschede, Bentheim, Lingen) bleven stijlkamers bewaard, die een beeld geven van de meubilering en binnenhuisarchitectuur van de rijkere burgerhuizen.
De uitgave behandelt de burgerhuisvormen in Twente, de Gelderse Achterhoek, het Duits-Nederlandse grensgebied en in de Sallandse IJsselsteden. Aandacht wordt besteed aan een aantal bijzondere aspecten die kenmerkend waren voor de streek en de periode.
Een gedetailleerde beschrijving van een groot aantal burgerhuizen uit het betreffende gebied vormt het sluitstuk van deze uitgave. Foto's, opmetingen, tekeningen en registers op huizen en op personen completeren het geheel.
=650  \0$aHistory$1http://www.wikidata.org/entity/Q309$921403
=650  \0$aArchitecture$1http://www.wikidata.org/entity/Q12271$93185
=651  \0$aNetherlands$1http://www.wikidata.org/entity/Q55$9173
=942  \\$cBOO
=952  \\$00$10$2ddc$40$6TOP_NL$70$8TOP$98502$aORPH$bORPH$cKTS0$d2021-01-12$l0$oTOP NL$p20128316$r2021-01-12 00:00:00$w2021-01-12$yBOO$OKoopman
=999  \\$d8511

