=LDR  01228cam a22003014a 4500
=001  8518
=005  20250120115850.0
=008  080509s2007\\\\ne\a\\\\\b\\\\001\0\dut\d
=010  \\$a  2008422625
=020  \\$a9789057304675
=020  \\$a9057304678
=035  \\$a(OCoLC)ocn124506462
=040  \\$aEUW$cEUW$dNLGGC$dEMU$dCDX$dDLC
=042  \\$alccopycat
=043  \\$ae-ne---
=100  \\$aJanssen, Anouk$911844
=245  10$aGrijsaards in zwart-wit :$bde verbeelding van de ouderdom in de Nederlandse prentkunst (1550-1650) /$cAnouk Janssen.
=260  \\$aZutphen :$bWalburg Pers,$cc2007.
=300  \\$a352 p. :$bill. ;$c27 cm.
=504  \\$aIncludes bibliographic references (p. 324-345) and index.
=650  \0$aFine art$1http://www.wikidata.org/entity/Q219625$921579
=650  \0$aFine art$1http://www.wikidata.org/entity/Q219625$921579
=650  \0$aFine art$1http://www.wikidata.org/entity/Q219625$921579
=942  \\$cBOO
=952  \\$00$10$40$70$98509$aORPH$bORPH$cLOC_UNK$d2021-01-12$l0$p20122176$r2021-01-12 00:00:00$w2021-01-12$yTYPE_UNK$OKoopman
=999  \\$c8518$d8518
=651  \0$aNetherlands$1http://www.wikidata.org/entity/Q55$9173
=648  \0$a17th Century (1601-1700)$1http://www.wikidata.org/entity/Q7016$920923

