=LDR  00309    a2200109   4500
=001  8526
=100  \\$aJarzebski, A.$4cmp$911852
=245  \\$aBentrovata
=260  \\$c1964
=942  \\$cSCO
=952  \\$00$10$40$70$8SCO$98517$aORPH$bORPH$cKTS1_P$d2021-01-12$l0$p20121851$r2021-01-12 00:00:00$w2021-01-12$ySCO$OW.0831
=999  \\$c8526$d8526

