=LDR  00311    a2200109   4500
=001  8527
=100  \\$aJarzebski, A.$4cmp$911852
=245  \\$aConcerti a 3
=260  \\$c1965
=942  \\$cSCO
=952  \\$00$10$40$70$8SCO$98518$aORPH$bORPH$cKTS1_P$d2021-01-12$l0$p20121852$r2021-01-12 00:00:00$w2021-01-12$ySCO$OW.0843
=999  \\$c8527$d8527

