=LDR  00299    a2200109   4500
=001  8528
=100  \\$aJarzebski, A.$4cmp$911852
=245  \\$aChromatica
=260  \\$c1964
=942  \\$cSCO
=952  \\$00$10$40$70$8SCO$98519$aORPH$bORPH$cKTS1_P$d2021-01-12$l0$r2021-01-12 00:00:00$w2021-01-12$ySCO$OW.0844
=999  \\$c8528$d8528

