=LDR  00299    a2200109   4500
=001  8529
=100  \\$aJarzebski, A.$4cmp$911852
=245  \\$aSentinella
=260  \\$c1965
=942  \\$cSCO
=952  \\$00$10$40$70$8SCO$98520$aORPH$bORPH$cKTS1_P$d2021-01-12$l0$r2021-01-12 00:00:00$w2021-01-12$ySCO$OW.0845
=999  \\$c8529$d8529

