=LDR  00956cam a2200229 a 4500
=001  8535
=005  20250120115907.0
=008  971203s1997\\\\ne\a\\\\\bc\\\001\0\dut\\
=020  \\$a9070386828
=040  \\$aOI
=110  \\$aStadsbibliotheek Haarlem (Netherlands)$91395
=245  13$aDe zestiende eeuw in de Stadsbibliotheek Haarlem /$cGerard Jaspers.
=260  \\$aAmsterdam :$bBuitenkant ;$a[Haarlem] :$bStadsbibliotheek Haarlem,$c1997.
=300  \\$a349 p. :$bill. (some col.) ;$c26 cm.
=504  \\$aIncludes bibliographical references (p. [342]-346) and indexes.
=650  \0$aPrinting$1http://www.wikidata.org/entity/Q11034$921936
=610  \0$aStadsbibliotheek Haarlem (Netherlands)$91395
=700  \\$aJaspers, Gerard$911855
=942  \\$cBOO
=952  \\$00$10$40$70$98526$aORPH$bORPH$cLOC_UNK$d2021-01-12$l0$p20122993$r2021-01-12 00:00:00$w2021-01-12$yTYPE_UNK$OKoopman
=999  \\$c8535$d8535
=651  \0$aNetherlands$1http://www.wikidata.org/entity/Q55$9173

