=LDR  01016cam a2200265 a 4500
=001  8537
=005  20250120115850.0
=008  890815s1988\\\\ne\a\\\\\bc\\\000\0\dut\\
=020  \\$a9060762940 :$cfl 50.00
=040  \\$aOI
=041  0\$adut$beng
=110  2\$aStadsbibliotheek Haarlem.
=245  03$aDe blokboeken en incunabelen in Haarlems Libry /$cG.J. Jaspers.
=260  \\$aHaarlem :$bDe Vrieseborch,$cc1988.
=300  \\$a309 p. :$bill. (some col.) ;$c25 cm.
=500  \\$aSummary in English.
=504  \\$aIncludes bibliographical references (p. 293-299) and index.
=650  \0$aBlock books$xBibliography$xCatalogs.
=650  \0$aIncunabula$zNetherlands$zHaarlem$xBibliography$xCatalogs.
=650  \0$aStadsbibliotheek Haarlem$xCatalogs.
=700  1\$aJaspers, Gerardus Johannes.
=952  \\$00$10$40$70$98528$aORPH$bORPH$cLOC_UNK$d2021-01-12$l0$p20122016$r2021-01-12 00:00:00$w2021-01-12$yTYPE_UNK$OKoopman
=999  \\$c8537$d8537
=651  \0$aNetherlands$1http://www.wikidata.org/entity/Q55$9173
=942  \\$cBOO

