=LDR  00361    a2200109   4500
=001  8539
=100  \\$aJeanson, F.$911858
=245  \\$aMontaigne par lui-même
=260  \\$c1964
=942  \\$cBOO
=952  \\$00$10$2ddc$40$6PHI_MONT_B_JEAN$70$8PHI$98530$aORPH$bORPH$cKM12_3_2$d2021-01-12$eKoopman$i43D03$oPHI MONT b JEAN$p20126535$r2021-01-12 00:00:00$w2021-01-12$yBOO
=999  \\$c8539$d8539

