=LDR  02492cam a2200337 a 4500
=001  8540
=008  980406s1997\\\\gw\agh\\\bc\\\001\0dger\|
=041  \\$ager
=245  00$aChristian Flor (1626-1697), Johann Abraham Peter Schulz (1747-1800):$bTexte und Dokumente zur Musikgeschichte Lüneburgs
=260  \\$aHamburg$bvon Bockel$c1997
=300  \\$a263 pages$billustrations, music, facsimiles
=490  1\$aMusik der frühen Neuzeit / Veröffentlichungen der Ratsbücherei Lüneburg$vBand 2 / Heft 6
=504  \\$aIncludes bibliographical references (p. 138-150, 176-177) and index.
=505  2\$gChristian Flor und das Lüneburger Musikleben seiner Zeit / Arndt Schnoor -- Verzeichnis der erhaltenen und nachweisbaren Werke Christian Flors sowie der von ihm aufgezeichneten Kompositionen / Hilde Szwerinski -- Christian Flors Werke für Tasteninstrumente / Arndt Schnoor -- Der "kunstbemühte Meister" : Christian Flor als Liedkomponist Johann Rists. '...tanzet, springet in die Wette..." Über Christian Flors Vokalkompositionen / Joachim Kremer -- Zum Nachwirken Christian Flors / Arndt Schnoor -- Ausstellungskatalog Christian Flor / Friedrich Jekutsch -- Weltbürger und "musicus politicus" / Arndt Schnoor -- Autobiographische Skizze / Heinz Gottwaldt -- Ausstellungskatalog / Friedrich Jekutsch
=590  \\$ahrsg. im Auftrag der Ratsbücherei Lüneburg
=600  \0$aFlor, Christian$d1626-1697$1http://www.wikidata.org/entity/Q1079521$911859
=600  \0$aSchulz, Johann Abraham Peter$d1747-1800$1http://www.wikidata.org/entity/Q706221$921317
=610  \0$aRatsbücherei Lüneburg (Germany)$91397
=648  \0$a17th Century (1601-1700)$1http://www.wikidata.org/entity/Q7016$920923
=648  \0$a18th Century (1701-1800)$1http://www.wikidata.org/entity/Q7015$920899
=650  \0$aMusic history$1http://www.wikidata.org/entity/Q846047$921373
=650  \0$aOrganist$1http://www.wikidata.org/entity/Q765778$94471
=650  \0$aComposer$1http://www.wikidata.org/entity/Q36834$93625
=650  \0$aBiography$1http://www.wikidata.org/entity/Q36279$91927
=651  \0$aLüneburg (Germany)$1http://www.wikidata.org/entity/Q3920$922736
=700  \\$aJekutsch, Friedrich$911861$4edt
=700  \\$aKremer, Joachim$4edt$911862
=700  \\$aSchnoor, Arndt$4edt$910895
=942  \\$cBOO
=952  \\$00$10$2ddc$40$6TOP_DE_LUN_5_000000000000000$70$8TOP$98531$aORPH$bORPH$cKTS0$d2021-01-12$eKoopman$i21F32$l0$oTOP DE.LUN 5$p20125475$r2021-01-12 00:00:00$w2021-01-12$yBOO$OKoopman
=999  \\$d8540

