=LDR  00745cam a2200193 a 4500
=001  8545
=005  20250120120331.0
=008  871201s1986\\\\ne\a\\\\\b\\\\000\0\dut\\
=020  \\$a9060115090 :$cfl 49.50
=040  \\$aOI
=245  00$aErasmus, de actualiteit van zijn denken /$credactie, G.Th. Jensma ... [et al.].
=260  \\$aZutphen :$bDe Walburg Pers,$cc1986.
=300  \\$a184 p. :$bill. ;$c29 cm.
=504  \\$aIncludes bibliographies.
=600  \0$aErasmus, Desiderius$d1466-1536$1http://www.wikidata.org/entity/Q43499$95446
=700  \\$aJensma, Goffe$d-1956$911870
=942  \\$cBOO
=952  \\$00$10$2ddc$40$6PHI_ERAS_A$70$8PHI$98536$aORPH$bORPH$cKM12_3_2$d2021-01-12$oPHI ERAS a$p20125565$r2021-01-12 00:00:00$w2021-01-12$yBOO
=999  \\$c8545$d8545

