=LDR  01069nam a2200241 a 4500
=001  8557
=005  20250120120007.0
=008  900609s1988\\\\ne\a\\\\\b\\\\001\0\dut\\
=020  \\$a9070641283
=040  \\$aOI
=041  0\$adut$bfre
=100  \\$aJespers, F. P. M.$d-1951$911873
=240  10$9648$aLoffelijk werk der engelen
=245  14$aHet loflyk werk der engelen :$bde katholieke kerkmuziek in Noord-Brabant van het einde der zeventiende tot het einde der negentiende eeuw /$cF.P.M. Jespers.
=260  \\$aTilburg :$bStichting Zuidelijk Historisch Contact,$c1988.
=300  \\$axxxix, 385 p. :$bill. ;$c24 cm.
=504  \\$aIncludes bibliographical references (p. xxvi-xxxvii) and indexes.
=650  \0$aChurch music$1http://www.wikidata.org/entity/Q8812109$92283
=942  \\$cBOO
=952  \\$00$10$40$70$98548$aORPH$bORPH$cLOC_UNK$d2021-01-12$l0$p20122335$r2021-01-12 00:00:00$w2021-01-12$yTYPE_UNK$OKoopman
=999  \\$c8557$d8557
=490  \\$aBijdragen tot de geschiedenis van het Zuiden van Nederland ;
=651  \0$aNetherlands$1http://www.wikidata.org/entity/Q55$9173

