=LDR  01157cam a2200277 a 4500
=001  8559
=005  20250120120238.0
=008  010111s2000\\\\ne\\\\\\\b\\\\001\0ddut\\
=020  \\$a9065506128
=040  \\$aOI
=041  0\$adut$beng
=100  \\$aJeu, Annelies de$911875
=245  10$a't Spoor der dichteressen:$bnetwerken en publicatiemogelijkheden van schrijvende vrouwen in de Republiek (1600-1750)
=260  \\$aHilversum$bVerloren$c2000
=300  \\$a373 p. :$bill. ;$c24 cm.
=504  \\$aIncludes bibliographical references (p. [283]-359) and index.
=545  \\$aSummary in English.
=650  \0$aLiterature$1http://www.wikidata.org/entity/Q8242$94439
=650  \0$aPublishing$1http://www.wikidata.org/entity/Q3972943$93049
=650  \0$aWriter$1http://www.wikidata.org/entity/Q36180$93885
=650  \0$aGender$1http://www.wikidata.org/entity/P21$921254
=650  \0$aFemale$1http://www.wikidata.org/entity/Q6581072$921764
=651  \0$aNetherlands$1http://www.wikidata.org/entity/Q55$9173
=942  \\$cBOO
=952  \\$00$10$40$70$98550$aORPH$bORPH$cLOC_UNK$d2021-01-12$l0$p20128971$r2021-01-12 00:00:00$w2021-01-12$yTYPE_UNK$OKoopman
=999  \\$d8559

