=LDR  01015cam a2200229 a 4500
=001  8560
=005  20250120120101.0
=008  960617s1995\\\\sp\a\\\\\b\\\\001\0\spa\\
=020  \\$a8478071318
=040  \\$aOI
=100  \\$aRuiz Jiménez, Juan$911876
=245  10$aOrganería en la diócesis de Granada (1492-1625) /$cJuan Ruiz Jiménez.
=260  \\$a[Granada] :$bDiputación Provincial de Granada, Área de Cultura y Juventud :$bJunta de Andalucía, Consejería de Cultura, Centro de Documentación Musical de Andalucía,$cc1995.
=300  \\$a226 p. :$bill. ;$c23 cm.
=490  1\$aColección Clave
=504  \\$aIncludes bibliographical references (p. 213-216) and indexes.
=650  \0$aOrgan$1http://www.wikidata.org/entity/Q1444$92810
=830  \0$9650$aColección Clave (Granada, Spain)
=942  \\$cBOO
=952  \\$00$10$40$70$98551$aORPH$bORPH$cLOC_UNK$d2021-01-12$l0$p20120889$r2021-01-12 00:00:00$w2021-01-12$yTYPE_UNK$OKoopman
=999  \\$c8560$d8560
=651  \0$aSpain$1http://www.wikidata.org/entity/Q29$920983

