=LDR  01032cam a2200265 a 4500
=001  8599
=005  20250120115850.0
=008  960515s1995\\\\ne\a\\\\\b\\\\001\0\dut\d
=010  \\$a   96148817 
=020  \\$a9074310141
=035  \\$a(OCoLC)34021830
=040  \\$aICU$cICU$dDLC
=042  \\$alccopycat
=043  \\$ae-ne---
=100  \\$aJongh, E. de$911894
=245  10$aKwesties van betekenis :$bthema en motief in de Nederlandse schilderkunst van de zeventiende eeuw /$cE. de Jongh.
=260  \\$aLeiden :$bPrimavera Pers,$c1995.
=300  \\$a284 p. :$bill. ;$c25 cm.
=504  \\$aIncludes bibliographical references (p. [243]-277) and index.
=650  \0$aFine art$1http://www.wikidata.org/entity/Q219625$921579
=942  \\$cBOO
=952  \\$00$10$40$70$98590$aORPH$bORPH$cLOC_UNK$d2021-01-12$l0$p20127480$r2021-01-12 00:00:00$w2021-01-12$yTYPE_UNK$OKoopman
=999  \\$c8599$d8599
=648  \0$a17th Century (1601-1700)$1http://www.wikidata.org/entity/Q7016$920923
=651  \0$aNetherlands$1http://www.wikidata.org/entity/Q55$9173

