=LDR  02192cam a2200409 i 4500
=001  8600
=005  20250120120131.0
=008  170906s2015\\\\bl\a\\\\\b\\\\000\0\por\d
=010  \\$a  2017318279
=020  \\$a9788534941952$qpaperback
=020  \\$a8534941955$qpaperback
=035  \\$a(OCoLC)on1007546652
=040  \\$aIXA$beng$cIXA$erda$dIXA$dOCLCF$dDLC
=042  \\$alcode$alccopycat
=043  \\$as-bl---
=100  \\$aWainberg, Jacques Alkalai$4aut$911896
=245  10$aRevolucionários, mártires e terroristas :$ba utopia e suas consequências
=250  \\$a1a edição.
=264  \1$aSão Paulo, Brasil :$bPaulus,$c2015.
=300  \\$a390 pages :$billustrations ;$c21 cm.
=490  1\$aComunicação
=504  \\$aIncludes bibliographical references (pages 369-390).
=505  0\$aA Internacional conservadora -- A violência e o martírio -- Entre o sonho e o pesadelo -- A revolta armada e o ativismo Hippie -- As propriedades de um tempo heroico -- O dilema do rebelde : persuasão ou sectarismo -- As narrativas e o contágio mental -- Os novos xamãs e suas obras -- Os críticos do perfeccionismo -- O quietismo pós-moderno -- O zapatismo e a esperança -- A decadência do ocidente -- A memória traumática e o legado do passado -- Considerações finais.
=650  \0$aTerrorism$1http://www.wikidata.org/entity/Q7283$93058
=650  \0$aIslam$1http://www.wikidata.org/entity/Q432$93059
=650  \0$aIslam$93059
=650  \0$aPersecution$1http://www.wikidata.org/entity/Q851824$93065
=650  \0$aReligion$1http://www.wikidata.org/entity/Q9174$93062
=650  \0$0(OCoLC)fst00979941$aIslam$1http://www.wikidata.org/entity/Q432$93059
=650  \0$0(OCoLC)fst01030962$aIslam$93059
=650  \0$0(OCoLC)fst01058354$aPersecution$1http://www.wikidata.org/entity/Q851824$93065
=650  \0$0(OCoLC)fst01093858$aReligion$1http://www.wikidata.org/entity/Q9174$93062
=650  \0$0(OCoLC)fst01148101$aTerrorism$93067
=650  \0$0(OCoLC)fst01411628$aHistory$1http://www.wikidata.org/entity/Q309$921403
=942  \\$cBOO
=952  \\$00$10$40$70$98591$aORPH$bORPH$cLOC_UNK$d2021-01-12$l0$p20125603$r2021-01-12 00:00:00$w2021-01-12$yTYPE_UNK$OKoopman
=999  \\$d8600

