=LDR  00804aam a2200193   4500
=001  8603
=008  250528s2000\\\\|||af|||\b|||\00|\0\fre\d
=020  \\$a9782737324574
=041  \\$afre
=100  \\$aJoubert, Fabienne$1http://www.wikidata.org/entity/Q104009380$911902$4aut
=245  \\$aLa tapisserie au Moyen Age
=260  \\$c2000$aRennes$bÉditions Ouest-France
=300  \\$a61 pages
=648  \0$aMiddle Ages (500-1400)$1http://www.wikidata.org/entity/Q12554$920964
=650  \0$aTapestry$1http://www.wikidata.org/entity/Q184296$926233
=651  \0$aFrance$1http://www.wikidata.org/entity/Q142$9131
=942  \\$cBOO
=952  \\$00$10$2ddc$40$6TOP_FR_3_000000000000000$70$8TOP$98594$aORPH$bORPH$cKTS0$d2021-01-12$eKoopman$i21G20$l0$oTOP FR 3$p20125567$r2021-01-12 00:00:00$w2021-01-12$yBOO$OKoopman
=999  \\$d8603

