=LDR  02520aam a2200229   4500
=001  8604
=005  20251103150107.0
=008  250122s2008\\\\||||||||\||||\00|\0\mul\d
=020  \\$a9782842793999
=041  \\$afre$achi
=100  \\$aJourneau, Véronique Alexandre$d1955-$911903$4aut$4trl
=245  \\$aLe livre de musique de l'antiquité chinoise Yueji
=260  \\$c2008$aYou Feng$bParis
=300  \\$axvi-209 pages
=520  \\$aThe ‘Yueji’, Book of Music or Canon of Music, is considered to be a major text of Chinese antiquity, widely commented on by the Chinese themselves but rarely translated. It is a collection of considerations that are more philosophical than theoretical, reflecting the Chinese cosmogonic perception of the world and their idea of its ordering through ritual and music. The source text in Chinese, referenced as the 19th chapter of the Liji Book of Rites (dated approximately to the 3rd century BC), is generally presented in continuous prose with breaks in sequence within the chapters that vary slightly according to commentators. However, this text has a rhythmic prose structure with versified sections that make it easier to memorise and highlight the essential points. And if the Chinese language is made up of characters that are figurations - the shaping and sounding of real or irreal content, directly or through combinations - structured in the space of a square and drawn in time in successive brushstrokes, how can we not imagine that this Chinese thought of the configuration of meaning can also be applied to the ordering of a text in its entirety and its figuration in space with a rhythmic unfolding? This is the raison d'être of the configuration of the text proposed in this translation, intended to make visible both the arrangement between the whole and the parts and the cosmological and pedagogical vocation of the treatise. Music, says this treatise, proceeds from heaven and follows the course of the stars.
=648  \0$aClassical Antiquity (8th Century BC-6th Century AD)$1http://www.wikidata.org/entity/Q486761$921435
=650  \0$aMusic history$1http://www.wikidata.org/entity/Q846047$921373
=650  \0$aMusic philosophy and aesthetics$1http://www.wikidata.org/entity/Q2092865$921165
=651  \0$aChina$1http://www.wikidata.org/entity/Q29520$921493
=942  \\$cBOO
=952  \\$00$10$2ddc$40$6TOP_CN_2_000000000000000$70$8TOP$98595$aORPH$bORPH$cKTS0$d2021-01-12$eKoopman$i43B22$l0$oTOP CN 2$p20127230$r2021-01-12 00:00:00$w2021-01-12$yBOO$OKoopman
=999  \\$d8604

