=LDR  01449cam a2200277 a 4500
=001  8611
=005  20250219121036.0
=008  011214s2001\\\\gw\abgh\\bc\\\001\0\ger\d
=020  \\$a3761815735
=041  \\$ager
=100  \\$aJung, Hans Rudolf$911909$4aut
=245  10$aThematischer Katalog der Musikaliensammlung Grossfahner / Eschenbergen in Thüringen,$bmit einer Einleitung zur Pflege der Figuralmusik in Grossfahner, Eschenbergen und dem Herzogtum Sachsen-Gotha zwischen 1640 und 1750
=260  \\$aKassel$bBärenreiter$c2001
=300  \\$a578 pages$bill., facsims., map, music$c24 cm.
=490  \\$aCatalogus musicus$v17
=504  \\$aIncludes bibliographical references (p. [545]-555) and index.
=648  \0$a17th Century (1601-1700)$1http://www.wikidata.org/entity/Q7016$920923
=648  \0$a18th Century (1701-1800)$1http://www.wikidata.org/entity/Q7015$920899
=650  \0$aChurch music$1http://www.wikidata.org/entity/Q8812109$92283
=650  \0$aVocal music$1http://www.wikidata.org/entity/Q685884$93319
=650  \0$aManuscript$1http://www.wikidata.org/entity/Q87167$92275
=650  \0$aMusic history$1http://www.wikidata.org/entity/Q846047$921373
=651  \0$aGermany$1http://www.wikidata.org/entity/Q183$9155
=942  \\$cBOO
=952  \\$00$10$2ddc$40$6BIB_4_000000000000000_DE_THU_5$70$8BIB$98602$aORPH$bORPH$cKTS0$d2021-01-12$eKoopman$i43B11$l0$oBIB4 DE.THU 5$p20127241$r2021-01-12 00:00:00$w2021-01-12$yBOO$OKoopman
=999  \\$d8611

