=LDR  01193aam a2200241   4500
=001  8614
=005  20250925143258.0
=008  250311s1994\\\\|||of|||\||||\00|\0\ger\d
=020  \\$a3861470012
=041  \\$ager
=100  \\$aWolfgang A. Jünke$1http://www.wikidata.org/entity/Q113721251$911913$4aut
=245  \\$aZerstörte Kunst aus Braunschweigs Gotteshäusern.$bInnenstadtkirchen und Kapellen vor und nach 1944.
=260  \\$c1994$aBrunswick$bEv.-luth Stadtkirchenverband und Propstei Braunschweig
=300  \\$a[vi]-279 pages
=648  \0$a20th Century (1901-2000)$1http://www.wikidata.org/entity/Q6927$920936
=650  \0$aChurch$1http://www.wikidata.org/entity/Q16970$93776
=650  \0$aWorld War II (1939-1945)$1http://www.wikidata.org/entity/Q362$93004
=650  \0$aHistory$1http://www.wikidata.org/entity/Q309$921403
=650  \0$aArchitecture$1http://www.wikidata.org/entity/Q12271$93185
=651  \0$aBrunswick (Germany)$1http://www.wikidata.org/entity/Q2773$950
=942  \\$cBOO
=952  \\$00$10$2ddc$40$6TOP_DE_BRA1_7_000000000000000$70$8TOP$98605$aORPH$bORPH$cKTS0$d2021-01-12$eKoopman$i44G23$l0$oTOP DE.BRA1 7$p20126853$r2021-01-12 00:00:00$w2021-01-12$yBOO$OKoopman
=999  \\$d8614

