=LDR  01545cam a2200373 a 4500
=001  8616
=005  20250128141843.0
=008  010427s2001\\\\gw\ag\\\\b\\\\010\0\ger\d
=010  \\$a  2001372227
=020  \\$a3761814704 (pbk.)
=035  \\$a(OCoLC)ocm46854070
=040  \\$aOHX$cOHX$dIBV$dNYP$dDLC
=042  \\$alccopycat
=043  \\$ae------
=072  \7$aML$2lcco
=100  \\$4dte$aKrummacher, Friedhelm$d1936-$911915
=245  00$aRezeption als Innovation. Untersuchungen zu einem Grundmodell der europäischen Kompositionsgeschichte.$bFestschrift für Friedhelm Krummacher zum 65. Geburtstag
=260  \\$aKassel$aNew York$bBärenreiter$c2001
=300  \\$avii, 536 pages$bill., music ;$c23 cm.
=490  \\$aKieler Schriften zur Musikwissenschaft
=504  \\$aIncludes bibliographical references.
=504  \\$a"Schriftenverzeichnis Friedhelm Krummacher" (p. 521-536).
=546  \\$aGerman, with one contribution in English.
=600  \0$aKrummacher, Friedhelm$d1936-$911915
=650  \0$aComposing$1http://www.wikidata.org/entity/Q92186587$93076
=650  \0$aMusic$93073
=650  \0$aMusic history$1http://www.wikidata.org/entity/Q846047$921373
=700  \\$aSponheuer, Bernd$4edt$911916
=700  \\$aOechsle, Siegfried$4edt$911917
=700  \\$aWell, Helmut$4edt$911918
=700  \\$aRotter, Signe$4edt$911919
=942  \\$cBOO
=952  \\$00$10$2ddc$40$6REF_4_000000000000000_KRUM$70$8REF$98607$aORPH$bORPH$cKM12_1$d2021-01-12$eKoopman$i28B54$oREF4 KRUM$p20121453$r2021-01-12 00:00:00$w2021-01-12$yBOO
=999  \\$d8616

