=LDR  00909aaa a2200205   4500
=001  8622
=008  250217s1953\\\\||||||||\||||\00|\0\ger\d
=041  \\$ager
=100  \\$aKahl, Willi$d1893-1962$1http://www.wikidata.org/entity/Q19960006$911923
=245  \\$aDie alten Musikalien der Kölner Universitäts- und Stadtbibliothek
=260  \\$c1953$aCologne
=300  \\$a22 pages
=500  \\$aoffprint
=590  \\$aSonderdruck aus Jahrbuch des Kölnischen Geschichtsvereins 28 (1953)
=650  \0$aLibrary$1http://www.wikidata.org/entity/Q7075$94229
=650  \0$aMusic history$1http://www.wikidata.org/entity/Q846047$921373
=651  \0$aCologne (Germany)$1http://www.wikidata.org/entity/Q365$921601
=942  \\$cBOO
=952  \\$00$10$2ddc$40$6BIB_4_000000000000000_DE_COL$70$8BIB$98613$aORPH$bORPH$cKTS0$d2021-01-12$eKoopman$i42E24$l0$oBIB4 DE.COL$p20122026$r2021-01-12 00:00:00$w2021-01-12$yBOO$OKoopman
=999  \\$d8622

