=LDR  01569aam a2200277   4500
=001  8627
=005  20251003085457.0
=008  250217b\\\\\\\\|||ah|||\c|||\00|\0\ger\d
=041  \\$ager
=100  \\$aKaldewey, G. A.$911929$4aut
=245  \\$aKaldewey's Lese-Kabinett $boder Über die Literatur des achtzehntes Jahrhundert$nBand II
=260  \\$cs.d. [1979?]$aHamburg$bKaldewey
=300  \\$a240 pages$bset in Fraktur type, with plates
=490  \\$aKatalog$v47
=500  \\$aCatalogue of an antiquarian bookshop from the 1970's, about 18th century literature, set in a Fraktur type because all of the books it contains are printed in Fraktur as well, and Gunnar Kaldewey wanted to see if that was possible.  
=590  \\$aals Fortsetzung von Hehres und Triviales, Elfter Band
=648  \0$a18th Century (1701-1800)$1http://www.wikidata.org/entity/Q7015$920899
=648  \0$a20th Century (1901-2000)$1http://www.wikidata.org/entity/Q6927$920936
=650  \0$aGraphic design (Typography)$1http://www.wikidata.org/entity/Q185925$91931
=650  \0$aLiterature$1http://www.wikidata.org/entity/Q8242$94439
=650  \0$aCatalogue$1http://www.wikidata.org/entity/Q2352616$1http://www.wikidata.org/entity/Q6941730$921484
=650  \0$aIllustration$1http://www.wikidata.org/entity/Q178659$921171
=651  \0$aGermany$1http://www.wikidata.org/entity/Q183$9155
=942  \\$cBOO
=952  \\$00$10$2ddc$40$6BIB_4_000000000000000_DE_5$70$8BIB$98618$aORPH$bORPH$cKTS0$d2021-01-12$eKoopman$i41A22$l0$oBIB4 DE 5$p20120193$r2021-01-12 00:00:00$w2021-01-12$yBOO$OKoopman
=999  \\$d8627

