=LDR  01039cam a2200277 a 4500
=001  8631
=005  20250120120541.0
=008  111005s2011\\\\ne\a\\\\\bc\\\010\0\dut\d
=010  \\$a  2012367822
=020  \\$a9789040077708
=035  \\$a(OCoLC)ocn701797026
=040  \\$aERASA$cERASA$dCDX$dJPG$dDLC
=042  \\$alccopycat
=043  \\$ae-ne---
=100  \\$aKamermans, Johan A.$911933
=245  14$aHet Tegel boek :$bhoogtepunten uit het Nederlands Tegelmuseum /$cJohan Kamermans.
=260  \\$aZwolle :$bUitgeverij Waanders,$cc2011.
=300  \\$a288 p. :$bill. (chiefly col.) ;$c17 cm.
=504  \\$aIncludes bibliographical references (p. 284).
=610  \0$aNederlands Tegelmuseum (Otterlo, Netherlands)$91404
=650  \0$aTile$923437
=710  \\$aNederlands Tegelmuseum (Otterlo, Netherlands)$91404
=942  \\$cBOO
=952  \\$00$10$40$70$98622$aORPH$bORPH$cLOC_UNK$d2021-01-12$l0$p20122133$r2021-01-12 00:00:00$w2021-01-12$yTYPE_UNK$OKoopman
=999  \\$c8631$d8631
=651  \0$aNetherlands$1http://www.wikidata.org/entity/Q55$9173

