=LDR  01042cam a2200265 a 4500
=001  8632
=005  20250120120133.0
=008  991028s1999\\\\ne\a\\\\\b\\\\000\0\dut\\
=020  \\$a9065500626
=040  \\$aOI
=041  0\$adut$beng
=100  \\$aKamermans, Johan A.$911933
=245  10$aMateriële cultuur in de Krimpenerwaard in de zeventiende en achttiende eeuw :$bontwikkeling en diversiteit /$cJohan A. Kamermans.
=260  \\$aHilversum :$bVerloren,$c1999.
=300  \\$a400 p. :$bill. ;$c24 cm.
=504  \\$aIncludes bibliographical references (p. 391-400).
=546  \\$aSummary in English.
=650  \0$aMaterial culture$93080
=650  \0$aMaterial culture$93080
=651  \0$aKrimpenerwaard (Netherlands)$1http://www.wikidata.org/entity/Q15991891$995
=942  \\$cBOO
=952  \\$00$10$40$70$98623$aORPH$bORPH$cLOC_UNK$d2021-01-12$l0$p20125611$r2021-01-12 00:00:00$w2021-01-12$yTYPE_UNK$OKoopman
=999  \\$c8632$d8632
=490  \\$aA.A.G. bijdragen,
=648  \0$a17th Century (1601-1700)$1http://www.wikidata.org/entity/Q7016$920923

