=LDR  00817aam a2200181   4500
=001  8649
=008  230509s1939\\\\||||||||\||||\00|\0\dut\d
=041  \\$adut
=100  1\$aKat, A. I. M.$d1904-1958$1http://www.wikidata.org/entity/Q91114615$911950
=245  \\$aDe geschiedenis der kerkmuziek in de Nederlanden sedert de Hervorming
=260  \\$c1939$aHilversum$bGooi en Sticht
=300  \\$a309 pages
=648  \0$1http://www.wikidata.org/entity/Q7017$a16th Century (1501-1600)$920944
=650  \0$1http://www.wikidata.org/entity/Q846047$aMusic history$921373
=651  \0$1http://www.wikidata.org/entity/Q55$aNetherlands$9173
=942  \\$cBOO
=952  \\$00$10$2ddc$40$6TOP_NL_4_000000000000000$70$8TOP$98640$aORPH$bORPH$cKTS0$d2021-01-12$eKoopman$l0$oTOP NL 4$p20120845$r2021-01-12 00:00:00$w2021-01-12$yBOO$OKoopman
=999  \\$d8649

