=LDR  00390    a2200121   4500
=001  8662
=020  \\$a576.28006.2
=100  \\$aKeiser, Reinhard$d1674-1739$4cmp$1http://www.wikidata.org/entity/Q436126$915629
=245  \\$aOctavia
=260  \\$c1902
=942  \\$cSCO
=952  \\$00$10$40$70$8SCO$98653$aORPH$bORPH$cKTS1_P$d2021-01-12$l0$p20123854$r2021-01-12 00:00:00$w2021-01-12$ySCO$OW.0050-6
=999  \\$c8662$d8662

