=LDR  00573    a2200157   4500
=001  8670
=008  210315b\\\\\\\\be\|||||\||||\00|\0\eng\d
=020  \\$a3875371569
=041  \\$ager
=100  \\$aKelletat, Herbert$4aut$911967
=245  \\$aZur musikalischen Temperatur.$bI. Johann Sebastian Bach und seine Zeit
=260  \\$c1981$aBerlin$bMerseburger
=300  \\$a100 pages
=942  \\$cBOO
=952  \\$00$10$2ddc$40$6MTP_1_000000000000000_KELL$70$8MTP$98661$aORPH$bORPH$cKM12_1$d2021-01-12$eKoopman$i43G15I$l0$oMTP1 KELL$p20126793$r2021-01-12 00:00:00$w2021-01-12$yBOO
=999  \\$c8670$d8670

