=LDR  00553    a2200157   4500
=001  8671
=008  210315b\\\\\\\\be\|||||\||||\00|\0\eng\d
=020  \\$a3875371879
=041  \\$ager
=100  \\$aKelletat, Herbert$4aut$911967
=245  \\$aZur musikalischen Temperatur.$bII. Wiener Klassik
=260  \\$c1982$aBerlin$bMerseburger
=300  \\$a158 pages
=942  \\$cBOO
=952  \\$00$10$2ddc$40$6MTP_1_000000000000000_KELL$70$8MTP$98662$aORPH$bORPH$cKM12_1$d2021-01-12$eKoopman$i43G15II$l0$oMTP1 KELL$p20126792$r2021-01-12 00:00:00$w2021-01-12$yBOO
=999  \\$c8671$d8671

