=LDR  00571    a2200157   4500
=001  8673
=008  210315b\\\\\\\\be\|||||\||||\00|\0\eng\d
=041  \\$ager
=100  \\$aKellner, Herbert Anton$911970
=245  \\$aDie Wohltemperirung J.S. Bachs - schon bei Werckmeister und das Zahlenalphabet von Henk Dieben
=260  \\$c1994
=300  \\$a21 pages
=500  \\$alecture?
=942  \\$cBOO
=952  \\$00$10$2ddc$40$6MTP_1_000000000000000_KELL$70$8MTP$98664$aORPH$bORPH$cKM12_1$d2021-01-12$eKoopman$i19G40$l0$oMTP1 KELL$p20125177$r2021-01-12 00:00:00$w2021-01-12$yTYPE_UNK
=999  \\$d8673

