=LDR  01138cam a22002654a 4500
=001  8683
=005  20250120120037.0
=008  010711s2002\\\\enka\\\\\b\\\\001\0\eng\\
=020  \\$a0195135377 (acid-free paper)
=040  \\$aOI
=100  \\$aKendrick, Robert L.$911982
=245  14$aThe sounds of Milan, 1585-1650 /$cRobert L. Kendrick.
=260  \\$aOxford ;$aNew York :$bOxford University Press,$c2002.
=300  \\$axxi, 528 p. :$bill. ;$c25 cm.
=504  \\$aIncludes bibliographical references (p. 501-514) and index.
=650  \0$aMusic$92062
=650  \0$aMusic$92062
=651  \0$aMilan (Italy)$1http://www.wikidata.org/entity/Q490$9271
=651  \0$aMilan (Italy)$1http://www.wikidata.org/entity/Q490$9271
=856  \\$uhttp://www.loc.gov/catdir/enhancements/fy0612/2001036651-d.html$3Publisher description
=942  \\$cBOO
=952  \\$00$10$40$70$98674$aORPH$bORPH$cLOC_UNK$d2021-01-12$l0$p20123465$r2021-01-12 00:00:00$w2021-01-12$yTYPE_UNK$OKoopman
=999  \\$c8683$d8683
=648  \0$a17th Century (1601-1700)$1http://www.wikidata.org/entity/Q7016$920923
=650  \0$aMusic history$1http://www.wikidata.org/entity/Q846047$921373

