=LDR  00759aam a2200181   4500
=001  8684
=005  20251003085457.0
=008  230329s1960\\\\||||||||\c|||\00|\0\eng\d
=041  \\$aeng
=100  1\$aKenney, Sylvia W.$d1923-1968$4aut$1http://www.wikidata.org/entity/Q111750379$911983
=245  \\$aCatalog of the Emilie and Karl Riemenschneider Memorial Bach Library
=260  \\$c1960$aNew York$bColumbia University Press
=300  \\$a295 pages
=650  \0$aLibrary$1http://www.wikidata.org/entity/Q7075$94229
=650  \0$aCatalogue$1http://www.wikidata.org/entity/Q2352616$921484
=942  \\$cBOO
=952  \\$00$10$2ddc$40$6BIB_1_000000000000000$70$8BIB$98675$aORPH$bORPH$cKTS0$d2021-01-12$l0$oBIB1$p20121071$r2021-01-12 00:00:00$w2021-01-12$yBOO$OKoopman
=999  \\$d8684

