=LDR  01193acm a2200229   4500
=001  8687
=008  250711r19901988|||||d||\||||\00|\0\eng\d
=041  \\$aeng
=100  \\$aKerll, Johann Kaspar$d1627-1693$4cmp$1http://www.wikidata.org/entity/Q545409$911986
=245  \\$aJohann Kaspar Kerll's "Pia et Fortis Mulier" (1677):$bAn Edition and Commentary
=260  \\$c1990$aMichigan$bUMI
=300  \\$a180 pages
=534  \\$cVienna: 1677
=590  \\$aA final project submitted to the department of music and the committee on graduate studies of Stanford University in partial fulfillment of the requirements for the degree of doctor of musical arts
=648  \0$a17th Century (1601-1700)$1http://www.wikidata.org/entity/Q7016$920923
=650  \0$aPlay (theater)$1http://www.wikidata.org/entity/Q25379$921414
=650  \0$aSchool music$1http://www.wikidata.org/entity/Q1021290$93677
=651  \0$aVienna (Austria)$1http://www.wikidata.org/entity/Q1741$920937
=700  1\$aKochanowsky, Vera$4aut$4edt$940715
=942  \\$cSCO
=952  \\$00$10$2ddc$40$6SCO_S_KERL$70$8SCO$98678$aORPH$bORPH$cKTS1_H$d2021-01-12$eKoopman$l0$oSCO S KERL$p20124064$r2021-01-12 00:00:00$w2021-01-12$ySCO$OW.1301
=999  \\$d8687

