=LDR  01222aam a2200229   4500
=001  8689
=008  210412s1898\\\\\\\a||||\||||\00|\0\dut\d
=041  \\$adut
=100  \\$aKessels, Mathijs Joseph Hubertus$d1858-1932$4aut$911987
=245  \\$aGids voor Kapelmeesters
=260  \\$a’s-Hertogenbosch$bRobijns$c1898
=300  \\$a136 pages
=500  \\$aMathieu Kessels was a Dutch conductor, composer, author, publisher, and director of an important factory of musical instruments in Tilburg. The Kessels factory became one of the largest in Europe. 
=561  \\$aStamp of Muziekhandel C. Schoemaker Bussum
=590  \\$aDoor M. J. H. Kessels, Koninklijke Nederl. Fabriek van Muziek-Instrumenten. Tilburg
=648  \0$a19th Century (1801-1900)$1http://www.wikidata.org/entity/Q6955$920935
=650  \0$aConducting$1http://www.wikidata.org/entity/Q6989196$92392
=650  \0$aWind orchestra$1http://www.wikidata.org/entity/Q881942$925544
=651  \0$aNetherlands$1http://www.wikidata.org/entity/Q55$9173
=942  \\$cBOO
=952  \\$00$10$2ddc$40$6KTS_1_000000000000000_C3_53_G1037$70$8RAR$98680$aORPH$bORPH$cKTS1_C3$d2021-01-12$eKoopman$i45D46$l0$oKTS1 C3.53 G1-037$p20127283$r2021-01-12 00:00:00$w2021-01-12$yBOO
=999  \\$d8689

