=LDR  00365    a2200133   4500
=001  8691
=020  \\$a9070389363
=022  \\$a01660667
=100  \\$aKeunen, A.$911990
=245  \\$aSchimpen en schelden
=260  \\$c1992
=942  \\$cBOO
=952  \\$00$10$40$70$98682$aORPH$bORPH$cLOC_UNK$d2021-01-12$l0$p20120085$r2021-01-12 00:00:00$w2021-01-12$yTYPE_UNK$OKoopman
=999  \\$c8691$d8691

