=LDR  01136aam a2200229   4500
=001  8692
=008  250424r20072016|||a||||\b|||\001\0dger\d
=041  \\$ager
=100  \\$aKevorkian, Tanya$1http://www.wikidata.org/entity/Q113776731$911991$4aut
=245  \\$aBaroque Piety: Religion, Society, and Music in Leipzig, 1650-1750
=260  \\$c2007; 2016$aLondon$bRoutledge
=300  \\$a[xiii]-251 pages
=648  \0$a17th Century (1601-1700)$1http://www.wikidata.org/entity/Q7016$920923
=648  \0$a18th Century (1701-1800)$1http://www.wikidata.org/entity/Q7015$920899
=650  \0$aPietism$1http://www.wikidata.org/entity/Q193664$923132
=650  \0$aReligion$1http://www.wikidata.org/entity/Q9174$93062
=650  \0$aMusic history$1http://www.wikidata.org/entity/Q846047$921373
=650  \0$aSociology$1http://www.wikidata.org/entity/Q21201$924938
=651  \0$aLeipzig (Germany)$1http://www.wikidata.org/entity/Q2079$945
=942  \\$cBOO
=952  \\$00$10$2ddc$40$6TOP_DE_LEI_5_000000000000000$70$8TOP$98683$aORPH$bORPH$cKTS0$d2021-01-12$eKoopman$i47F34$l0$oTOP DE.LEI 5$p20123817$r2021-01-12 00:00:00$w2021-01-12$yBOO$OKoopman
=999  \\$d8692

