=LDR  00359    a2200121   4500
=001  8694
=020  \\$a908019722X
=100  \\$aKeyser, M.$911992
=245  \\$aFrederik Muller en de oude boekenhandel
=260  \\$c1994
=942  \\$cBOO
=952  \\$00$10$40$70$98685$aORPH$bORPH$cLOC_UNK$d2021-01-12$l0$p20122130$r2021-01-12 00:00:00$w2021-01-12$yTYPE_UNK$OKoopman
=999  \\$c8694$d8694

