=LDR  01506cam a2200325 i 4500
=001  8740
=005  20250925143258.0
=008  140707t20142014nyuf\\\\\bk\\\001\i\eng\c
=010  \\$a  2014026618
=020  \\$a9781580465014 (hardcover : alkaline paper)
=020  \\$a1580465013 (hardcover : alkaline paper)
=040  \\$aICU/DLC$beng$cICU$erda$dDLC
=041  \\$aeng
=100  \\$aKirkpatrick, Ralph$d1911-1984$4aut$1http://www.wikidata.org/entity/Q597101$912014
=245  10$aRalph Kirkpatrick:$bLetters of the American Harpsichordist and Scholar
=264  \1$aRochester, NY$bUniversity of Rochester Press$c2014
=300  \\$axv, 186 pages, 18 unnumbered pages of plates ;$c24 cm.
=336  \\$atext$2rdacontent
=337  \\$aunmediated$2rdamedia
=338  \\$avolume$2rdacarrier
=490  1\$aEastman Studies in Music$x1071-9989 ;$v117
=504  \\$aIncludes bibliographical references, discography, and index.
=600  \0$aKirkpatrick, Ralph$d1911-1984$1http://www.wikidata.org/entity/Q597101$912014
=648  \0$a20th Century (1901-2000)$1http://www.wikidata.org/entity/Q6927$920936
=650  \0$aHistorically informed performance$1http://www.wikidata.org/entity/Q1344860$920980
=700  \\$aKirkpatrick, Meredith$4edt$912016
=830  \0$9665$aEastman studies in music ;$vv. 117.
=942  \\$cBOO
=952  \\$00$10$2ddc$40$6BIO_KIRK_A$70$8BIO$98731$aORPH$bORPH$cKTS1_P$d2021-01-12$eKoopman$i46C02$l1$oBIO KIRK a$p20127661$r2024-11-04 12:53:31$s2024-10-23$w2021-01-12$yBOO
=999  \\$c8740$d8740

