=LDR  01592cam a2200313 a 4500
=001  8743
=005  20251003085457.0
=008  801023m19799999gw\a\\\\\bc\\\001\0\ger\\
=020  \\$a3795902371 (Bd. 1)
=020  \\$a3795905877 (Bd. 2)
=041  \\$ager
=100  \\$4aut$aKirnbauer, Martin$920626
=110  \\$aGermanisches Nationalmuseum (Nürnberg, Germany)$1http://www.wikidata.org/entity/Q478695$91407
=245  10$aInstrumentenkataloge des Germanischen Nationalmuseums Nürnberg. Volume 2.$bFlöten- und Rohrblattinstrumente bis 1750
=260  \\$aWilhelmshaven $bHeinrichshofen$c1994
=300  \\$a222 pages$bill. $c30 cm.
=490  \\$aQuellenkataloge zur Musikgeschichte 
=504  \\$aIncludes bibliographical references (Bd. 1, p. 132-133; Bd. 2, p. 213-217) and index.
=610  \0$aGermanisches Nationalmuseum (Nürnberg, Germany)$1http://www.wikidata.org/entity/Q478695$91407
=650  \0$aOrganology$1http://www.wikidata.org/entity/Q899293$921400
=650  \0$aCatalogue$1http://www.wikidata.org/entity/Q2352616$921484
=650  \0$aWoodwind instrument$1http://www.wikidata.org/entity/Q181247$94119
=650  \0$aDulcian$1http://www.wikidata.org/entity/Q911038$922766
=650  \0$aRecorder$1http://www.wikidata.org/entity/Q187851$91903
=650  \0$aFlageolet (Instrument)$1http://www.wikidata.org/entity/Q1001877$923655
=651  \0$aGermany$1http://www.wikidata.org/entity/Q183$9155
=942  \\$cBOO
=952  \\$00$10$2ddc$40$6INS_6A_DE_NUR$70$8INS$98734$aORPH$bORPH$cKTS0$d2020-07-07$eKoopman$oINS6a DE.NUR$p20127609$r2021-01-12 00:00:00$w2021-01-12$yBOO
=999  \\$d8743

