=LDR  00325    a2200109   4500
=001  8744
=100  \\$aKirsch, E.$912019
=245  \\$aDie Bibliothek des Musikalischen
=260  \\$c1922
=942  \\$cBOO
=952  \\$00$10$40$70$98735$aORPH$bORPH$cLOC_UNK$d2021-01-12$l0$p20127340$r2021-01-12 00:00:00$w2021-01-12$yTYPE_UNK$OKoopman
=999  \\$c8744$d8744

