=LDR  01875cam a2200337 a 4500
=001  8745
=008  810722s1981\\\\\\\g\\\\\b\\\\001\0\eng\|
=041  \\$aeng
=059  \\$avv bc
=100  \\$aKirwan-Mott, Anne$4aut$912020
=245  14$aThe small-scale sacred concertato in the early seventeenth century$n1-2/2
=260  \\$aAnn Arbor, Mich.$bUMI Research Press$c1981
=300  \\$a2 vols. (x-407+xi-259 pages)
=490  \\$aStudies in British musicology
=500  \\$aIncludes index.
=500  \\$aStudy limited to works written to up to 5 voices and continuo, mainly in Germany.
=500  \\$aVol. 2 consists of an "Anthology of sacred music for few voices 1600-1650."
=500  \\$aA revision of the author's thesis, Royal Academy of Music, 1977
=504  \\$aBibliography: v. 1, p. [399]-402.
=648  \0$a17th Century (1601-1700)$1http://www.wikidata.org/entity/Q7016$920923
=650  \0$aChurch music$1http://www.wikidata.org/entity/Q8812109$1http://www.wikidata.org/entity/Q1065742$92283
=650  \0$aMotet$1http://www.wikidata.org/entity/Q188285$92028
=650  \0$aStile concertato$1http://www.wikidata.org/entity/Q3686058$939656
=650  \0$aVocal music$1http://www.wikidata.org/entity/Q685884$93319
=650  \0$aMusic history$1http://www.wikidata.org/entity/Q846047$921373
=651  \0$aGermany$1http://www.wikidata.org/entity/Q183$9155
=651  \0$aNetherlands$1http://www.wikidata.org/entity/Q55$1http://www.wikidata.org/entity/Q29999$9173
=942  \\$cBOO
=952  \\$00$10$2ddc$3vol.1$40$6TOP_DE_5_000000000000000$70$8TOP$98736$aORPH$bORPH$cKTS0$d2021-01-12$eKoopman$i25E33 I$l0$oTOP DE 5$p20129375$r2021-01-12 00:00:00$w2021-01-12$yBOO$OKoopman
=952  \\$00$10$2ddc$3vol.2$40$6TOP_DE_5_000000000000000$70$8TOP$925528$aORPH$bORPH$cKTS0$d2025-02-19$eKoopman$i25E33 II$l0$oTOP DE 5$p20129374$r2025-02-19 10:08:26$w2025-02-19$yBOO
=999  \\$d8745

