=LDR  01293nam a2200265 a 4500
=001  8756
=005  20251023123459.0
=008  940504s1993\\\\ne\af\\\\bc\\\000\0\mul\|
=041  0\$adut$aeng
=110  \\$aMuseum Boijmans Van Beuningen (Rotterdam, Netherlands)$91676
=245  10$aItaliaanse schilderijen / Italian paintings, 1300-1500$beigen collectie / own collection
=260  \\$aRotterdam$bMuseum Boymans-van Beuningen$c1993
=300  \\$a100 pages
=504  \\$aIncludes bibliographical references.
=610  \0$aMuseum Boijmans Van Beuningen (Rotterdam, Netherlands)$91676
=648  \0$a15th Century (1401-1500)$1http://www.wikidata.org/entity/Q7018$921015
=648  \0$aRenaissance (1400-1600)$1http://www.wikidata.org/entity/Q4692$920965
=650  \0$aFine art$1http://www.wikidata.org/entity/Q219625$921579
=650  \0$aCatalogue$1http://www.wikidata.org/entity/Q2352616$1http://www.wikidata.org/entity/Q6941730$921484
=651  \0$aNetherlands$1http://www.wikidata.org/entity/Q55$9173
=700  \\$aKleeman, Eva C.$912034$4aut
=700  \\$aWillner, Saskia G.$912035$4aut
=942  \\$cBOO
=952  \\$00$10$2ddc$40$6TOP_IT_3_000000000000000$70$8TOP$98747$aORPH$bORPH$cKTS0$d2021-01-12$eKoopman$i18F2$l0$oTOP IT 3$p20127804$r2021-01-12 00:00:00$w2021-01-12$yBOO$OKoopman
=999  \\$d8756

