=LDR  01394cam a2200265 a 4500
=001  8760
=005  20250120120038.0
=008  980909s1998\\\\ne\a\\\\\b\\\\001\0\dut\\
=020  \\$a9069842092
=040  \\$aOI
=245  04$aEen beeld van een academie :$bmensen en momenten uit de geschiedenis van het Koninklijk Instituut en de Koninklijke Nederlandse Akademie van Wetenschappen, 1808-1998 /$csamengesteld door P.W. Klein, met medewerking van M.A.V. Klein-Meijer en I.J. van Houten.
=260  \\$aAmsterdam :$bKoninklijke Nederlandse Akademie van Wetenschappen,$cc1998.
=300  \\$a233 p. :$bill. (some col.) ;$c27 cm.
=504  \\$aIncludes bibliographical references and indexes.
=610  \0$aKoninklijke Nederlandse Akademie van Wetenschappen (Amsterdam, Netherlands)$91419
=610  \0$aKoninklijke Nederlandse Akademie van Wetenschappen (Amsterdam, Netherlands)$91419
=651  \0$aNetherlands$1http://www.wikidata.org/entity/Q55$9173
=651  \0$aNetherlands$1http://www.wikidata.org/entity/Q55$9173
=700  \\$aKlein, P. W.$912038
=700  \\$aKlein-Meijer, M. A. V.$912039
=700  \\$aHouten, I. J. van$912040
=942  \\$cBOO
=952  \\$00$10$40$70$98751$aORPH$bORPH$cLOC_UNK$d2021-01-12$l0$p20128894$r2021-01-12 00:00:00$w2021-01-12$yTYPE_UNK$OKoopman
=999  \\$c8760$d8760
=490  \\$aBijdragen tot de geschiedenis van de Koninklijke Nederlandse Akademie van Wetenschappen ;

